{
    "records": [
        {
            "time": "2025-07-28 17:59:59",
            "admin": "horsray",
            "role": "admin",
            "product": "绘影新版AIGC",
            "price": 0.0,
            "count": 1,
            "revenue": 0.0
        },
        {
            "time": "2025-07-28 19:46:54",
            "admin": "horsray",
            "role": "admin",
            "product": "绘影新版AIGC",
            "price": 0.0,
            "count": 1,
            "revenue": 0.0
        },
        {
            "time": "2025-07-28 19:47:32",
            "admin": "horsray",
            "role": "admin",
            "product": "绘影新版AIGC",
            "price": 0.0,
            "count": 1,
            "revenue": 0.0
        },
        {
            "time": "2025-07-28 19:47:43",
            "admin": "horsray",
            "role": "admin",
            "product": "绘影新版AIGC",
            "price": 0.0,
            "count": 1,
            "revenue": 0.0
        },
        {
            "time": "2025-07-28 22:13:59",
            "admin": "horsray",
            "role": "admin",
            "product": "绘影新版AIGC",
            "price": 0.0,
            "count": 1,
            "revenue": 0.0
        },
        {
            "time": "2025-07-28 23:09:21",
            "admin": "horsray",
            "agent": "lipeidong",
            "role": "admin",
            "product": "绘影新版AIGC",
            "price": 0.0,
            "count": 1,
            "revenue": 0.0
        },
        {
            "time": "2025-07-28 23:09:34",
            "admin": "lipeidong",
            "role": "agent",
            "product": "绘影新版AIGC",
            "price": 0.0,
            "count": 1,
            "revenue": 0.0
        },
        {
            "time": "2025-07-31 22:01:00",
            "admin": "horsray",
            "role": "admin",
            "product": "绘影新版AIGC",
            "price": 0.0,
            "count": 1,
            "revenue": 0.0
        },
        {
            "time": "2025-08-01 18:32:12",
            "admin": "horsray",
            "role": "admin",
            "product": "绘影新版AIGC",
            "price": 199.0,
            "count": 1,
            "revenue": 199.0
        },
        {
            "time": "2025-08-06 00:24:00",
            "admin": "horsray",
            "role": "admin",
            "product": "绘影新版AIGC",
            "price": 149.0,
            "count": 1,
            "revenue": 149.0
        },
        {
            "time": "2025-08-06 00:27:54",
            "admin": "horsray",
            "role": "admin",
            "product": "绘影新版AIGC",
            "price": 199.0,
            "count": 1,
            "revenue": 199.0
        },
        {
            "time": "2025-08-06 20:56:13",
            "admin": "horsray",
            "product": "绘影AI摄影2.5",
            "price": 199.0,
            "count": 1,
            "revenue": 199.0,
            "role": "admin"
        },
        {
            "time": "2025-08-06 21:23:55",
            "admin": "horsray",
            "role": "admin",
            "product": "绘影AI摄影2.5",
            "price": 0.0,
            "count": 1,
            "revenue": 0.0
        },
        {
            "time": "2025-08-06 21:58:10",
            "admin": "horsray",
            "product": "绘影AI摄影2.5",
            "price": 199.0,
            "count": 1,
            "revenue": 199.0,
            "role": "admin"
        },
        {
            "time": "2025-08-06 23:29:47",
            "admin": "horsray",
            "product": "绘影AI摄影2.5",
            "price": 199.0,
            "count": 1,
            "revenue": 199.0,
            "role": "admin"
        },
        {
            "time": "2025-08-08 16:18:52",
            "admin": "horsray",
            "role": "admin",
            "product": "绘影AI摄影2.5",
            "price": 199.0,
            "count": 1,
            "revenue": 199.0
        },
        {
            "time": "2025-08-08 17:08:14",
            "admin": "horsray",
            "role": "admin",
            "product": "绘影AI摄影2.5",
            "price": 0.0,
            "count": 1,
            "revenue": 0.0
        },
        {
            "time": "2025-08-10 19:54:33",
            "admin": "horsray",
            "product": "绘影AI摄影2.5",
            "price": 199.0,
            "count": 1,
            "revenue": 199.0,
            "role": "admin"
        },
        {
            "time": "2025-08-10 22:31:18",
            "admin": "horsray",
            "product": "绘影AI摄影2.5",
            "price": 199.0,
            "count": 1,
            "revenue": 199.0,
            "role": "admin"
        },
        {
            "time": "2025-08-10 22:31:19",
            "admin": "horsray",
            "product": "绘影AI摄影2.5",
            "price": 199.0,
            "count": 1,
            "revenue": 199.0,
            "role": "admin"
        },
        {
            "time": "2025-08-12 17:29:51",
            "admin": "horsray",
            "agent": "peidong",
            "role": "admin",
            "product": "绘影AI摄影2.5",
            "price": 0.0,
            "count": 1,
            "revenue": 0.0
        },
        {
            "time": "2025-08-12 19:02:59",
            "admin": "horsray",
            "agent": "peidong",
            "role": "admin",
            "product": "绘影AI摄影2.5",
            "price": 0.0,
            "count": 1,
            "revenue": 0.0
        },
        {
            "time": "2025-08-14 13:36:20",
            "admin": "horsray",
            "agent": "yiyang",
            "role": "admin",
            "product": "绘影AI摄影2.5",
            "price": 298.0,
            "count": 1,
            "revenue": 298.0
        },
        {
            "time": "2025-08-14 15:11:45",
            "admin": "yiyang",
            "role": "agent",
            "product": "绘影AI摄影2.5",
            "price": 298.0,
            "count": 1,
            "revenue": 298.0
        },
        {
            "time": "2025-08-14 23:16:27",
            "admin": "horsray",
            "agent": "yiyang",
            "role": "admin",
            "product": "绘影AI摄影2.5",
            "price": 298.0,
            "count": 1,
            "revenue": 298.0
        },
        {
            "time": "2025-08-14 23:18:25",
            "admin": "horsray",
            "agent": "yiyang",
            "role": "admin",
            "product": "绘影AI摄影2.5",
            "price": 298.0,
            "count": 10,
            "revenue": 2980.0
        },
        {
            "time": "2025-08-14 23:21:26",
            "admin": "yiyang",
            "role": "agent",
            "product": "绘影AI摄影2.5",
            "price": 298.0,
            "count": 1,
            "revenue": 298.0
        },
        {
            "time": "2025-08-14 23:41:34",
            "admin": "yiyang",
            "role": "agent",
            "product": "绘影AI摄影2.5",
            "price": 298.0,
            "count": 1,
            "revenue": 298.0
        },
        {
            "time": "2025-08-16 00:56:01",
            "admin": "yiyang",
            "role": "agent",
            "product": "绘影AI摄影2.5",
            "price": 298.0,
            "count": 1,
            "revenue": 298.0
        },
        {
            "time": "2025-08-16 00:56:11",
            "admin": "yiyang",
            "role": "agent",
            "product": "绘影AI摄影2.5",
            "price": 298.0,
            "count": 1,
            "revenue": 298.0
        },
        {
            "time": "2025-08-16 10:59:32",
            "admin": "yiyang",
            "role": "agent",
            "product": "绘影AI摄影2.5",
            "price": 298.0,
            "count": 1,
            "revenue": 298.0
        },
        {
            "time": "2025-08-16 11:35:37",
            "admin": "yiyang",
            "role": "agent",
            "product": "绘影AI摄影2.5",
            "price": 298.0,
            "count": 1,
            "revenue": 298.0
        },
        {
            "time": "2025-08-16 12:53:44",
            "admin": "horsray",
            "role": "admin",
            "product": "绘影AI摄影2.5",
            "price": 0.0,
            "count": 1,
            "revenue": 0.0
        },
        {
            "time": "2025-08-16 16:34:02",
            "admin": "horsray",
            "role": "admin",
            "product": "绘影AI摄影2.5",
            "price": 199.0,
            "count": 1,
            "revenue": 199.0
        },
        {
            "time": "2025-08-17 13:53:51",
            "admin": "horsray",
            "role": "admin",
            "product": "绘影AI摄影2.5",
            "price": 0.0,
            "count": 1,
            "revenue": 0.0
        },
        {
            "time": "2025-08-17 16:17:51",
            "admin": "horsray",
            "role": "admin",
            "product": "绘影AI摄影2.5",
            "price": 199.0,
            "count": 1,
            "revenue": 199.0
        },
        {
            "time": "2025-08-17 19:44:18",
            "admin": "horsray",
            "product": "绘影AI摄影2.5",
            "price": 199.0,
            "count": 1,
            "revenue": 199.0,
            "role": "admin"
        },
        {
            "time": "2025-08-17 21:22:31",
            "admin": "yiyang",
            "role": "agent",
            "product": "绘影AI摄影2.5",
            "price": 298.0,
            "count": 1,
            "revenue": 298.0
        },
        {
            "time": "2025-08-18 19:09:46",
            "admin": "yiyang",
            "role": "agent",
            "product": "绘影AI摄影2.5",
            "price": 298.0,
            "count": 1,
            "revenue": 298.0
        },
        {
            "time": "2025-08-18 20:35:42",
            "admin": "horsray",
            "product": "绘影AI摄影2.5",
            "price": 199.0,
            "count": 1,
            "revenue": 199.0,
            "role": "admin"
        },
        {
            "time": "2025-08-19 00:09:30",
            "admin": "horsray",
            "role": "admin",
            "product": "绘影AI摄影2.5",
            "price": 0.0,
            "count": 1,
            "revenue": 0.0
        },
        {
            "time": "2025-08-19 01:21:17",
            "admin": "horsray",
            "role": "admin",
            "product": "绘影AI摄影2.5",
            "price": 0.0,
            "count": 1,
            "revenue": 0.0
        },
        {
            "time": "2025-08-19 03:23:45",
            "admin": "horsray",
            "role": "admin",
            "product": "绘影AI摄影2.5",
            "price": 0.0,
            "count": 1,
            "revenue": 0.0
        },
        {
            "time": "2025-08-19 04:19:48",
            "admin": "horsray",
            "agent": "xiangyi",
            "role": "admin",
            "product": "相一古风ai版",
            "price": 0.0,
            "count": 1,
            "revenue": 0.0
        },
        {
            "time": "2025-08-19 16:49:45",
            "admin": "horsray",
            "agent": "xiangyi",
            "role": "admin",
            "product": "相一古风ai版",
            "price": 298.0,
            "count": 7,
            "revenue": 2086.0
        },
        {
            "time": "2025-08-19 17:04:47",
            "admin": "horsray",
            "agent": "xiangyi",
            "role": "admin",
            "product": "相一古风ai版",
            "price": 298.0,
            "count": 3,
            "revenue": 894.0
        },
        {
            "time": "2025-08-20 11:26:52",
            "admin": "horsray",
            "agent": "peidong",
            "role": "admin",
            "product": "绘影AI摄影",
            "price": 298.0,
            "count": 1,
            "revenue": 298.0
        },
        {
            "time": "2025-08-20 11:28:19",
            "admin": "horsray",
            "role": "admin",
            "product": "绘影AI摄影",
            "price": 298.0,
            "count": 1,
            "revenue": 298.0
        },
        {
            "time": "2025-08-20 11:29:14",
            "admin": "horsray",
            "role": "admin",
            "product": "绘影AI摄影",
            "price": 298.0,
            "count": 1,
            "revenue": 298.0
        },
        {
            "time": "2025-08-20 14:00:43",
            "admin": "xiangyi",
            "role": "agent",
            "product": "相一古风ai版",
            "price": 298.0,
            "count": 1,
            "revenue": 298.0
        },
        {
            "time": "2025-08-21 11:36:48",
            "admin": "xiangyi",
            "role": "agent",
            "product": "相一古风ai版",
            "price": 298.0,
            "count": 1,
            "revenue": 298.0
        },
        {
            "time": "2025-08-21 11:37:45",
            "admin": "xiangyi",
            "role": "agent",
            "product": "相一古风ai版",
            "price": 0.0,
            "count": 1,
            "revenue": 0.0
        },
        {
            "time": "2025-08-21 11:39:06",
            "admin": "xiangyi",
            "role": "agent",
            "product": "相一古风ai版",
            "price": 298.0,
            "count": 1,
            "revenue": 298.0
        },
        {
            "time": "2025-08-21 11:41:17",
            "admin": "xiangyi",
            "role": "agent",
            "product": "相一古风ai版",
            "price": 298.0,
            "count": 1,
            "revenue": 298.0
        },
        {
            "time": "2025-08-21 11:42:02",
            "admin": "xiangyi",
            "role": "agent",
            "product": "相一古风ai版",
            "price": 298.0,
            "count": 1,
            "revenue": 298.0
        },
        {
            "time": "2025-08-21 11:43:11",
            "admin": "xiangyi",
            "role": "agent",
            "product": "相一古风ai版",
            "price": 298.0,
            "count": 1,
            "revenue": 298.0
        },
        {
            "time": "2025-08-21 11:45:10",
            "admin": "xiangyi",
            "role": "agent",
            "product": "相一古风ai版",
            "price": 298.0,
            "count": 1,
            "revenue": 298.0
        },
        {
            "time": "2025-08-21 11:46:11",
            "admin": "xiangyi",
            "role": "agent",
            "product": "相一古风ai版",
            "price": 298.0,
            "count": 1,
            "revenue": 298.0
        },
        {
            "time": "2025-08-21 11:46:54",
            "admin": "xiangyi",
            "role": "agent",
            "product": "相一古风ai版",
            "price": 298.0,
            "count": 1,
            "revenue": 298.0
        },
        {
            "time": "2025-08-21 12:07:38",
            "admin": "xiangyi",
            "role": "agent",
            "product": "相一古风ai版",
            "price": 298.0,
            "count": 1,
            "revenue": 298.0
        },
        {
            "time": "2025-08-21 12:07:50",
            "admin": "horsray",
            "agent": "xiangyi",
            "role": "admin",
            "product": "相一古风ai版",
            "price": 298.0,
            "count": 5,
            "revenue": 1490.0
        },
        {
            "time": "2025-08-21 12:08:32",
            "admin": "horsray",
            "role": "admin",
            "product": "绘影AI摄影",
            "price": 0.0,
            "count": 1,
            "revenue": 0.0
        },
        {
            "time": "2025-08-21 12:59:41",
            "admin": "xiangyi",
            "role": "agent",
            "product": "相一古风ai版",
            "price": 298.0,
            "count": 1,
            "revenue": 298.0
        },
        {
            "time": "2025-08-21 13:03:24",
            "admin": "xiangyi",
            "role": "agent",
            "product": "相一古风ai版",
            "price": 298.0,
            "count": 1,
            "revenue": 298.0
        },
        {
            "time": "2025-08-21 13:10:32",
            "admin": "horsray",
            "agent": "peidong",
            "role": "admin",
            "product": "绘影AI摄影",
            "price": 298.0,
            "count": 1,
            "revenue": 298.0
        },
        {
            "time": "2025-08-21 13:14:29",
            "admin": "peidong",
            "role": "agent",
            "product": "绘影AI摄影2.5",
            "price": 0.0,
            "count": 1,
            "revenue": 0.0
        },
        {
            "time": "2025-08-21 13:14:37",
            "admin": "peidong",
            "role": "agent",
            "product": "绘影AI摄影2.5",
            "price": 0.0,
            "count": 1,
            "revenue": 0.0
        },
        {
            "time": "2025-08-21 13:14:47",
            "admin": "peidong",
            "role": "agent",
            "product": "绘影AI摄影",
            "price": 298.0,
            "count": 1,
            "revenue": 298.0
        },
        {
            "time": "2025-08-21 18:19:12",
            "admin": "horsray",
            "role": "admin",
            "product": "绘影AI摄影",
            "price": 0.0,
            "count": 1,
            "revenue": 0.0
        },
        {
            "time": "2025-08-21 21:23:39",
            "admin": "horsray",
            "role": "admin",
            "product": "绘影AI摄影",
            "price": 199.0,
            "count": 1,
            "revenue": 199.0
        },
        {
            "time": "2025-08-21 22:10:22",
            "admin": "xiangyi",
            "role": "agent",
            "product": "相一古风ai版",
            "price": 298.0,
            "count": 1,
            "revenue": 298.0
        },
        {
            "time": "2025-08-21 22:32:39",
            "admin": "horsray",
            "agent": "xiangyi",
            "role": "admin",
            "product": "相一古风ai版",
            "price": 298.0,
            "count": 30,
            "revenue": 8940.0
        },
        {
            "time": "2025-08-22 09:28:01",
            "admin": "xiangyi",
            "role": "agent",
            "product": "相一古风ai版",
            "price": 298.0,
            "count": 1,
            "revenue": 298.0
        },
        {
            "time": "2025-08-22 09:28:03",
            "admin": "xiangyi",
            "role": "agent",
            "product": "相一古风ai版",
            "price": 298.0,
            "count": 1,
            "revenue": 298.0
        },
        {
            "time": "2025-08-22 09:28:04",
            "admin": "xiangyi",
            "role": "agent",
            "product": "相一古风ai版",
            "price": 298.0,
            "count": 1,
            "revenue": 298.0
        },
        {
            "time": "2025-08-22 09:28:05",
            "admin": "xiangyi",
            "role": "agent",
            "product": "相一古风ai版",
            "price": 298.0,
            "count": 1,
            "revenue": 298.0
        },
        {
            "time": "2025-08-22 09:28:07",
            "admin": "xiangyi",
            "role": "agent",
            "product": "相一古风ai版",
            "price": 298.0,
            "count": 1,
            "revenue": 298.0
        },
        {
            "time": "2025-08-22 09:28:08",
            "admin": "xiangyi",
            "role": "agent",
            "product": "相一古风ai版",
            "price": 298.0,
            "count": 1,
            "revenue": 298.0
        },
        {
            "time": "2025-08-22 09:28:10",
            "admin": "xiangyi",
            "role": "agent",
            "product": "相一古风ai版",
            "price": 298.0,
            "count": 1,
            "revenue": 298.0
        },
        {
            "time": "2025-08-22 09:28:11",
            "admin": "xiangyi",
            "role": "agent",
            "product": "相一古风ai版",
            "price": 298.0,
            "count": 1,
            "revenue": 298.0
        },
        {
            "time": "2025-08-22 09:28:13",
            "admin": "xiangyi",
            "role": "agent",
            "product": "相一古风ai版",
            "price": 298.0,
            "count": 1,
            "revenue": 298.0
        },
        {
            "time": "2025-08-22 09:28:17",
            "admin": "xiangyi",
            "role": "agent",
            "product": "相一古风ai版",
            "price": 298.0,
            "count": 1,
            "revenue": 298.0
        },
        {
            "time": "2025-08-22 09:28:18",
            "admin": "xiangyi",
            "role": "agent",
            "product": "相一古风ai版",
            "price": 298.0,
            "count": 1,
            "revenue": 298.0
        },
        {
            "time": "2025-08-22 10:45:02",
            "admin": "xiangyi",
            "role": "agent",
            "product": "相一古风ai版",
            "price": 298.0,
            "count": 1,
            "revenue": 298.0
        },
        {
            "time": "2025-08-22 10:45:09",
            "admin": "xiangyi",
            "role": "agent",
            "product": "相一古风ai版",
            "price": 298.0,
            "count": 1,
            "revenue": 298.0
        },
        {
            "time": "2025-08-22 10:45:10",
            "admin": "xiangyi",
            "role": "agent",
            "product": "相一古风ai版",
            "price": 298.0,
            "count": 1,
            "revenue": 298.0
        },
        {
            "time": "2025-08-22 10:45:12",
            "admin": "xiangyi",
            "role": "agent",
            "product": "相一古风ai版",
            "price": 298.0,
            "count": 1,
            "revenue": 298.0
        },
        {
            "time": "2025-08-22 10:45:13",
            "admin": "xiangyi",
            "role": "agent",
            "product": "相一古风ai版",
            "price": 298.0,
            "count": 1,
            "revenue": 298.0
        },
        {
            "time": "2025-08-22 10:45:15",
            "admin": "xiangyi",
            "role": "agent",
            "product": "相一古风ai版",
            "price": 298.0,
            "count": 1,
            "revenue": 298.0
        },
        {
            "time": "2025-08-22 10:45:17",
            "admin": "xiangyi",
            "role": "agent",
            "product": "相一古风ai版",
            "price": 298.0,
            "count": 1,
            "revenue": 298.0
        },
        {
            "time": "2025-08-22 10:45:20",
            "admin": "xiangyi",
            "role": "agent",
            "product": "相一古风ai版",
            "price": 298.0,
            "count": 1,
            "revenue": 298.0
        },
        {
            "time": "2025-08-22 10:45:22",
            "admin": "xiangyi",
            "role": "agent",
            "product": "相一古风ai版",
            "price": 298.0,
            "count": 1,
            "revenue": 298.0
        },
        {
            "time": "2025-08-22 10:45:23",
            "admin": "xiangyi",
            "role": "agent",
            "product": "相一古风ai版",
            "price": 298.0,
            "count": 1,
            "revenue": 298.0
        },
        {
            "time": "2025-08-22 10:49:59",
            "admin": "xiangyi",
            "role": "agent",
            "product": "相一古风ai版",
            "price": 298.0,
            "count": 1,
            "revenue": 298.0
        },
        {
            "time": "2025-08-22 10:50:01",
            "admin": "xiangyi",
            "role": "agent",
            "product": "相一古风ai版",
            "price": 298.0,
            "count": 1,
            "revenue": 298.0
        },
        {
            "time": "2025-08-22 11:06:22",
            "admin": "xiangyi",
            "role": "agent",
            "product": "相一古风ai版",
            "price": 298.0,
            "count": 1,
            "revenue": 298.0
        },
        {
            "time": "2025-08-22 11:06:24",
            "admin": "xiangyi",
            "role": "agent",
            "product": "相一古风ai版",
            "price": 298.0,
            "count": 1,
            "revenue": 298.0
        },
        {
            "time": "2025-08-22 11:06:29",
            "admin": "xiangyi",
            "role": "agent",
            "product": "相一古风ai版",
            "price": 298.0,
            "count": 1,
            "revenue": 298.0
        },
        {
            "time": "2025-08-22 11:10:44",
            "admin": "xiangyi",
            "role": "agent",
            "product": "相一古风ai版",
            "price": 298.0,
            "count": 1,
            "revenue": 298.0
        },
        {
            "time": "2025-08-22 11:10:47",
            "admin": "xiangyi",
            "role": "agent",
            "product": "相一古风ai版",
            "price": 298.0,
            "count": 1,
            "revenue": 298.0
        },
        {
            "time": "2025-08-22 11:18:40",
            "admin": "xiangyi",
            "role": "agent",
            "product": "相一古风ai版",
            "price": 298.0,
            "count": 1,
            "revenue": 298.0
        },
        {
            "time": "2025-08-22 11:22:39",
            "admin": "xiangyi",
            "role": "agent",
            "product": "相一古风ai版",
            "price": 298.0,
            "count": 1,
            "revenue": 298.0
        },
        {
            "time": "2025-08-22 11:28:02",
            "admin": "xiangyi",
            "role": "agent",
            "product": "相一古风ai版",
            "price": 298.0,
            "count": 1,
            "revenue": 298.0
        },
        {
            "time": "2025-08-22 11:29:51",
            "admin": "horsray",
            "agent": "xiangyi",
            "role": "admin",
            "product": "相一古风ai版",
            "price": 298.0,
            "count": 50,
            "revenue": 14900.0
        },
        {
            "time": "2025-08-22 11:32:19",
            "admin": "xiangyi",
            "role": "agent",
            "product": "相一古风ai版",
            "price": 298.0,
            "count": 1,
            "revenue": 298.0
        },
        {
            "time": "2025-08-22 11:33:48",
            "admin": "xiangyi",
            "role": "agent",
            "product": "相一古风ai版",
            "price": 298.0,
            "count": 1,
            "revenue": 298.0
        },
        {
            "time": "2025-08-22 11:48:29",
            "admin": "xiangyi",
            "role": "agent",
            "product": "相一古风ai版",
            "price": 298.0,
            "count": 1,
            "revenue": 298.0
        },
        {
            "time": "2025-08-22 12:07:03",
            "admin": "xiangyi",
            "role": "agent",
            "product": "相一古风ai版",
            "price": 298.0,
            "count": 1,
            "revenue": 298.0
        },
        {
            "time": "2025-08-22 12:35:55",
            "admin": "xiangyi",
            "role": "agent",
            "product": "相一古风ai版",
            "price": 298.0,
            "count": 1,
            "revenue": 298.0
        },
        {
            "time": "2025-08-22 12:35:57",
            "admin": "xiangyi",
            "role": "agent",
            "product": "相一古风ai版",
            "price": 298.0,
            "count": 1,
            "revenue": 298.0
        },
        {
            "time": "2025-08-22 12:36:37",
            "admin": "xiangyi",
            "role": "agent",
            "product": "相一古风ai版",
            "price": 298.0,
            "count": 1,
            "revenue": 298.0
        },
        {
            "time": "2025-08-22 12:38:08",
            "admin": "xiangyi",
            "role": "agent",
            "product": "相一古风ai版",
            "price": 298.0,
            "count": 1,
            "revenue": 298.0
        },
        {
            "time": "2025-08-22 12:39:21",
            "admin": "xiangyi",
            "role": "agent",
            "product": "相一古风ai版",
            "price": 298.0,
            "count": 1,
            "revenue": 298.0
        },
        {
            "time": "2025-08-22 12:57:08",
            "admin": "xiangyi",
            "role": "agent",
            "product": "相一古风ai版",
            "price": 298.0,
            "count": 1,
            "revenue": 298.0
        },
        {
            "time": "2025-08-22 12:58:09",
            "admin": "xiangyi",
            "role": "agent",
            "product": "相一古风ai版",
            "price": 298.0,
            "count": 1,
            "revenue": 298.0
        },
        {
            "time": "2025-08-22 12:59:07",
            "admin": "xiangyi",
            "role": "agent",
            "product": "相一古风ai版",
            "price": 298.0,
            "count": 1,
            "revenue": 298.0
        },
        {
            "time": "2025-08-22 13:03:20",
            "admin": "xiangyi",
            "role": "agent",
            "product": "相一古风ai版",
            "price": 298.0,
            "count": 1,
            "revenue": 298.0
        },
        {
            "time": "2025-08-22 13:05:30",
            "admin": "xiangyi",
            "role": "agent",
            "product": "相一古风ai版",
            "price": 298.0,
            "count": 1,
            "revenue": 298.0
        },
        {
            "time": "2025-08-22 13:06:15",
            "admin": "xiangyi",
            "role": "agent",
            "product": "相一古风ai版",
            "price": 298.0,
            "count": 1,
            "revenue": 298.0
        },
        {
            "time": "2025-08-22 13:14:43",
            "admin": "xiangyi",
            "role": "agent",
            "product": "相一古风ai版",
            "price": 298.0,
            "count": 1,
            "revenue": 298.0
        },
        {
            "time": "2025-08-22 13:14:46",
            "admin": "xiangyi",
            "role": "agent",
            "product": "相一古风ai版",
            "price": 298.0,
            "count": 1,
            "revenue": 298.0
        },
        {
            "time": "2025-08-22 13:16:31",
            "admin": "xiangyi",
            "role": "agent",
            "product": "相一古风ai版",
            "price": 298.0,
            "count": 1,
            "revenue": 298.0
        },
        {
            "time": "2025-08-22 13:43:26",
            "admin": "xiangyi",
            "role": "agent",
            "product": "相一古风ai版",
            "price": 298.0,
            "count": 1,
            "revenue": 298.0
        },
        {
            "time": "2025-08-22 13:45:40",
            "admin": "xiangyi",
            "role": "agent",
            "product": "相一古风ai版",
            "price": 298.0,
            "count": 1,
            "revenue": 298.0
        },
        {
            "time": "2025-08-22 13:58:22",
            "admin": "xiangyi",
            "role": "agent",
            "product": "相一古风ai版",
            "price": 298.0,
            "count": 1,
            "revenue": 298.0
        },
        {
            "time": "2025-08-22 17:14:23",
            "admin": "xiangyi",
            "role": "agent",
            "product": "相一古风ai版",
            "price": 298.0,
            "count": 1,
            "revenue": 298.0
        },
        {
            "time": "2025-08-22 17:16:26",
            "admin": "xiangyi",
            "role": "agent",
            "product": "相一古风ai版",
            "price": 298.0,
            "count": 1,
            "revenue": 298.0
        },
        {
            "time": "2025-08-22 17:17:04",
            "admin": "xiangyi",
            "role": "agent",
            "product": "相一古风ai版",
            "price": 298.0,
            "count": 1,
            "revenue": 298.0
        },
        {
            "time": "2025-08-22 17:17:37",
            "admin": "xiangyi",
            "role": "agent",
            "product": "相一古风ai版",
            "price": 298.0,
            "count": 1,
            "revenue": 298.0
        },
        {
            "time": "2025-08-22 17:18:28",
            "admin": "xiangyi",
            "role": "agent",
            "product": "相一古风ai版",
            "price": 298.0,
            "count": 1,
            "revenue": 298.0
        },
        {
            "time": "2025-08-22 17:21:20",
            "admin": "xiangyi",
            "role": "agent",
            "product": "相一古风ai版",
            "price": 298.0,
            "count": 1,
            "revenue": 298.0
        },
        {
            "time": "2025-08-22 17:24:50",
            "admin": "xiangyi",
            "role": "agent",
            "product": "相一古风ai版",
            "price": 298.0,
            "count": 1,
            "revenue": 298.0
        },
        {
            "time": "2025-08-22 17:26:29",
            "admin": "xiangyi",
            "role": "agent",
            "product": "相一古风ai版",
            "price": 298.0,
            "count": 1,
            "revenue": 298.0
        },
        {
            "time": "2025-08-22 17:29:28",
            "admin": "xiangyi",
            "role": "agent",
            "product": "相一古风ai版",
            "price": 298.0,
            "count": 1,
            "revenue": 298.0
        },
        {
            "time": "2025-08-22 17:30:54",
            "admin": "xiangyi",
            "role": "agent",
            "product": "相一古风ai版",
            "price": 298.0,
            "count": 1,
            "revenue": 298.0
        },
        {
            "time": "2025-08-22 17:48:11",
            "admin": "horsray",
            "role": "admin",
            "product": "绘影AI摄影",
            "price": 199.0,
            "count": 1,
            "revenue": 199.0
        },
        {
            "time": "2025-08-22 17:52:33",
            "admin": "xiangyi",
            "role": "agent",
            "product": "相一古风ai版",
            "price": 298.0,
            "count": 1,
            "revenue": 298.0
        },
        {
            "time": "2025-08-22 17:54:19",
            "admin": "xiangyi",
            "role": "agent",
            "product": "相一古风ai版",
            "price": 298.0,
            "count": 1,
            "revenue": 298.0
        },
        {
            "time": "2025-08-22 17:58:09",
            "admin": "xiangyi",
            "role": "agent",
            "product": "相一古风ai版",
            "price": 298.0,
            "count": 1,
            "revenue": 298.0
        },
        {
            "time": "2025-08-22 18:00:33",
            "admin": "xiangyi",
            "role": "agent",
            "product": "相一古风ai版",
            "price": 298.0,
            "count": 1,
            "revenue": 298.0
        },
        {
            "time": "2025-08-22 18:25:59",
            "admin": "xiangyi",
            "role": "agent",
            "product": "相一古风ai版",
            "price": 298.0,
            "count": 1,
            "revenue": 298.0
        },
        {
            "time": "2025-08-22 18:41:05",
            "admin": "xiangyi",
            "role": "agent",
            "product": "相一古风ai版",
            "price": 298.0,
            "count": 1,
            "revenue": 298.0
        },
        {
            "time": "2025-08-22 18:53:03",
            "admin": "xiangyi",
            "role": "agent",
            "product": "相一古风ai版",
            "price": 298.0,
            "count": 1,
            "revenue": 298.0
        },
        {
            "time": "2025-08-22 18:54:07",
            "admin": "xiangyi",
            "role": "agent",
            "product": "相一古风ai版",
            "price": 298.0,
            "count": 1,
            "revenue": 298.0
        },
        {
            "time": "2025-08-22 20:11:54",
            "admin": "xiangyi",
            "role": "agent",
            "product": "相一古风ai版",
            "price": 298.0,
            "count": 1,
            "revenue": 298.0
        },
        {
            "time": "2025-08-22 20:17:58",
            "admin": "xiangyi",
            "role": "agent",
            "product": "相一古风ai版",
            "price": 298.0,
            "count": 1,
            "revenue": 298.0
        },
        {
            "time": "2025-08-22 20:22:36",
            "admin": "xiangyi",
            "role": "agent",
            "product": "相一古风ai版",
            "price": 298.0,
            "count": 1,
            "revenue": 298.0
        },
        {
            "time": "2025-08-22 21:04:44",
            "admin": "horsray",
            "role": "admin",
            "product": "绘影AI摄影",
            "price": 0.0,
            "count": 1,
            "revenue": 0.0
        },
        {
            "time": "2025-08-22 21:05:19",
            "admin": "horsray",
            "role": "admin",
            "product": "绘影AI摄影",
            "price": 0.0,
            "count": 1,
            "revenue": 0.0
        },
        {
            "time": "2025-08-22 21:11:55",
            "admin": "xiangyi",
            "role": "agent",
            "product": "相一古风ai版",
            "price": 298.0,
            "count": 1,
            "revenue": 298.0
        },
        {
            "time": "2025-08-22 21:15:17",
            "admin": "xiangyi",
            "role": "agent",
            "product": "相一古风ai版",
            "price": 298.0,
            "count": 1,
            "revenue": 298.0
        },
        {
            "time": "2025-08-22 21:21:29",
            "admin": "xiangyi",
            "role": "agent",
            "product": "相一古风ai版",
            "price": 298.0,
            "count": 1,
            "revenue": 298.0
        },
        {
            "time": "2025-08-22 21:27:20",
            "admin": "xiangyi",
            "role": "agent",
            "product": "相一古风ai版",
            "price": 298.0,
            "count": 1,
            "revenue": 298.0
        },
        {
            "time": "2025-08-22 21:31:01",
            "admin": "xiangyi",
            "role": "agent",
            "product": "相一古风ai版",
            "price": 298.0,
            "count": 1,
            "revenue": 298.0
        },
        {
            "time": "2025-08-22 21:33:57",
            "admin": "horsray",
            "agent": "xiangyi",
            "role": "admin",
            "product": "相一古风ai版",
            "price": 298.0,
            "count": 50,
            "revenue": 14900.0
        },
        {
            "time": "2025-08-22 21:53:15",
            "admin": "xiangyi",
            "role": "agent",
            "product": "相一古风ai版",
            "price": 298.0,
            "count": 1,
            "revenue": 298.0
        },
        {
            "time": "2025-08-22 22:25:56",
            "admin": "xiangyi",
            "role": "agent",
            "product": "相一古风ai版",
            "price": 298.0,
            "count": 1,
            "revenue": 298.0
        },
        {
            "time": "2025-08-22 22:28:39",
            "admin": "xiangyi",
            "role": "agent",
            "product": "相一古风ai版",
            "price": 298.0,
            "count": 1,
            "revenue": 298.0
        },
        {
            "time": "2025-08-22 22:33:26",
            "admin": "xiangyi",
            "role": "agent",
            "product": "相一古风ai版",
            "price": 298.0,
            "count": 1,
            "revenue": 298.0
        },
        {
            "time": "2025-08-23 09:54:11",
            "admin": "xiangyi",
            "role": "agent",
            "product": "相一古风ai版",
            "price": 298.0,
            "count": 1,
            "revenue": 298.0
        },
        {
            "time": "2025-08-23 09:54:55",
            "admin": "xiangyi",
            "role": "agent",
            "product": "相一古风ai版",
            "price": 298.0,
            "count": 1,
            "revenue": 298.0
        },
        {
            "time": "2025-08-23 09:55:29",
            "admin": "xiangyi",
            "role": "agent",
            "product": "相一古风ai版",
            "price": 298.0,
            "count": 1,
            "revenue": 298.0
        },
        {
            "time": "2025-08-23 09:56:06",
            "admin": "xiangyi",
            "role": "agent",
            "product": "相一古风ai版",
            "price": 298.0,
            "count": 1,
            "revenue": 298.0
        },
        {
            "time": "2025-08-23 09:59:27",
            "admin": "xiangyi",
            "role": "agent",
            "product": "相一古风ai版",
            "price": 298.0,
            "count": 1,
            "revenue": 298.0
        },
        {
            "time": "2025-08-23 10:00:12",
            "admin": "xiangyi",
            "role": "agent",
            "product": "相一古风ai版",
            "price": 298.0,
            "count": 1,
            "revenue": 298.0
        },
        {
            "time": "2025-08-23 10:01:53",
            "admin": "xiangyi",
            "role": "agent",
            "product": "相一古风ai版",
            "price": 298.0,
            "count": 1,
            "revenue": 298.0
        },
        {
            "time": "2025-08-23 10:04:15",
            "admin": "xiangyi",
            "role": "agent",
            "product": "相一古风ai版",
            "price": 298.0,
            "count": 1,
            "revenue": 298.0
        },
        {
            "time": "2025-08-23 10:05:01",
            "admin": "xiangyi",
            "role": "agent",
            "product": "相一古风ai版",
            "price": 298.0,
            "count": 1,
            "revenue": 298.0
        },
        {
            "time": "2025-08-23 10:05:40",
            "admin": "xiangyi",
            "role": "agent",
            "product": "相一古风ai版",
            "price": 298.0,
            "count": 1,
            "revenue": 298.0
        },
        {
            "time": "2025-08-23 10:08:22",
            "admin": "xiangyi",
            "role": "agent",
            "product": "相一古风ai版",
            "price": 298.0,
            "count": 1,
            "revenue": 298.0
        },
        {
            "time": "2025-08-23 10:09:24",
            "admin": "xiangyi",
            "role": "agent",
            "product": "相一古风ai版",
            "price": 298.0,
            "count": 1,
            "revenue": 298.0
        },
        {
            "time": "2025-08-23 10:14:25",
            "admin": "xiangyi",
            "role": "agent",
            "product": "相一古风ai版",
            "price": 298.0,
            "count": 1,
            "revenue": 298.0
        },
        {
            "time": "2025-08-23 10:16:18",
            "admin": "xiangyi",
            "role": "agent",
            "product": "相一古风ai版",
            "price": 298.0,
            "count": 1,
            "revenue": 298.0
        },
        {
            "time": "2025-08-23 10:16:22",
            "admin": "xiangyi",
            "role": "agent",
            "product": "相一古风ai版",
            "price": 298.0,
            "count": 1,
            "revenue": 298.0
        },
        {
            "time": "2025-08-23 10:16:26",
            "admin": "xiangyi",
            "role": "agent",
            "product": "相一古风ai版",
            "price": 298.0,
            "count": 1,
            "revenue": 298.0
        },
        {
            "time": "2025-08-23 10:16:35",
            "admin": "xiangyi",
            "role": "agent",
            "product": "相一古风ai版",
            "price": 298.0,
            "count": 1,
            "revenue": 298.0
        },
        {
            "time": "2025-08-23 10:16:40",
            "admin": "xiangyi",
            "role": "agent",
            "product": "相一古风ai版",
            "price": 298.0,
            "count": 1,
            "revenue": 298.0
        },
        {
            "time": "2025-08-23 10:19:50",
            "admin": "xiangyi",
            "role": "agent",
            "product": "相一古风ai版",
            "price": 298.0,
            "count": 1,
            "revenue": 298.0
        },
        {
            "time": "2025-08-23 10:20:18",
            "admin": "xiangyi",
            "role": "agent",
            "product": "相一古风ai版",
            "price": 298.0,
            "count": 1,
            "revenue": 298.0
        },
        {
            "time": "2025-08-23 10:27:25",
            "admin": "yiyang",
            "role": "agent",
            "product": "绘影AI摄影2.5",
            "price": 298.0,
            "count": 1,
            "revenue": 298.0
        },
        {
            "time": "2025-08-23 10:27:26",
            "admin": "yiyang",
            "role": "agent",
            "product": "绘影AI摄影2.5",
            "price": 298.0,
            "count": 1,
            "revenue": 298.0
        },
        {
            "time": "2025-08-23 10:39:52",
            "admin": "xiangyi",
            "role": "agent",
            "product": "相一古风ai版",
            "price": 298.0,
            "count": 1,
            "revenue": 298.0
        },
        {
            "time": "2025-08-23 10:40:51",
            "admin": "xiangyi",
            "role": "agent",
            "product": "相一古风ai版",
            "price": 298.0,
            "count": 1,
            "revenue": 298.0
        },
        {
            "time": "2025-08-23 10:50:29",
            "admin": "xiangyi",
            "role": "agent",
            "product": "相一古风ai版",
            "price": 298.0,
            "count": 1,
            "revenue": 298.0
        },
        {
            "time": "2025-08-23 10:52:20",
            "admin": "xiangyi",
            "role": "agent",
            "product": "相一古风ai版",
            "price": 298.0,
            "count": 1,
            "revenue": 298.0
        },
        {
            "time": "2025-08-23 11:15:37",
            "admin": "xiangyi",
            "role": "agent",
            "product": "相一古风ai版",
            "price": 298.0,
            "count": 1,
            "revenue": 298.0
        },
        {
            "time": "2025-08-23 11:22:40",
            "admin": "xiangyi",
            "role": "agent",
            "product": "相一古风ai版",
            "price": 298.0,
            "count": 1,
            "revenue": 298.0
        },
        {
            "time": "2025-08-23 11:51:04",
            "admin": "xiangyi",
            "role": "agent",
            "product": "相一古风ai版",
            "price": 298.0,
            "count": 1,
            "revenue": 298.0
        },
        {
            "time": "2025-08-23 11:52:04",
            "admin": "xiangyi",
            "role": "agent",
            "product": "相一古风ai版",
            "price": 298.0,
            "count": 1,
            "revenue": 298.0
        },
        {
            "time": "2025-08-23 12:25:55",
            "admin": "xiangyi",
            "role": "agent",
            "product": "相一古风ai版",
            "price": 298.0,
            "count": 1,
            "revenue": 298.0
        },
        {
            "time": "2025-08-23 12:31:59",
            "admin": "xiangyi",
            "role": "agent",
            "product": "相一古风ai版",
            "price": 298.0,
            "count": 1,
            "revenue": 298.0
        },
        {
            "time": "2025-08-23 13:39:56",
            "admin": "xiangyi",
            "role": "agent",
            "product": "相一古风ai版",
            "price": 298.0,
            "count": 1,
            "revenue": 298.0
        },
        {
            "time": "2025-08-23 13:41:32",
            "admin": "xiangyi",
            "role": "agent",
            "product": "相一古风ai版",
            "price": 298.0,
            "count": 1,
            "revenue": 298.0
        },
        {
            "time": "2025-08-23 13:47:31",
            "admin": "xiangyi",
            "role": "agent",
            "product": "相一古风ai版",
            "price": 298.0,
            "count": 1,
            "revenue": 298.0
        },
        {
            "time": "2025-08-23 14:06:41",
            "admin": "xiangyi",
            "role": "agent",
            "product": "相一古风ai版",
            "price": 298.0,
            "count": 1,
            "revenue": 298.0
        },
        {
            "time": "2025-08-23 14:12:02",
            "admin": "xiangyi",
            "role": "agent",
            "product": "相一古风ai版",
            "price": 298.0,
            "count": 1,
            "revenue": 298.0
        },
        {
            "time": "2025-08-23 14:12:38",
            "admin": "xiangyi",
            "role": "agent",
            "product": "相一古风ai版",
            "price": 298.0,
            "count": 1,
            "revenue": 298.0
        },
        {
            "time": "2025-08-23 14:20:16",
            "admin": "xiangyi",
            "role": "agent",
            "product": "相一古风ai版",
            "price": 298.0,
            "count": 1,
            "revenue": 298.0
        },
        {
            "time": "2025-08-23 14:41:18",
            "admin": "xiangyi",
            "role": "agent",
            "product": "相一古风ai版",
            "price": 298.0,
            "count": 1,
            "revenue": 298.0
        },
        {
            "time": "2025-08-23 14:45:56",
            "admin": "xiangyi",
            "role": "agent",
            "product": "相一古风ai版",
            "price": 298.0,
            "count": 1,
            "revenue": 298.0
        },
        {
            "time": "2025-08-23 14:58:28",
            "admin": "xiangyi",
            "role": "agent",
            "product": "相一古风ai版",
            "price": 298.0,
            "count": 1,
            "revenue": 298.0
        },
        {
            "time": "2025-08-23 15:06:13",
            "admin": "horsray",
            "role": "admin",
            "product": "绘影AI摄影",
            "price": 199.0,
            "count": 1,
            "revenue": 199.0
        },
        {
            "time": "2025-08-23 15:07:24",
            "admin": "horsray",
            "role": "admin",
            "product": "绘影AI摄影",
            "price": 0.0,
            "count": 1,
            "revenue": 0.0
        },
        {
            "time": "2025-08-23 15:16:15",
            "admin": "xiangyi",
            "role": "agent",
            "product": "相一古风ai版",
            "price": 298.0,
            "count": 1,
            "revenue": 298.0
        },
        {
            "time": "2025-08-23 15:39:44",
            "admin": "xiangyi",
            "role": "agent",
            "product": "相一古风ai版",
            "price": 298.0,
            "count": 1,
            "revenue": 298.0
        },
        {
            "time": "2025-08-23 15:43:26",
            "admin": "xiangyi",
            "role": "agent",
            "product": "相一古风ai版",
            "price": 298.0,
            "count": 1,
            "revenue": 298.0
        },
        {
            "time": "2025-08-23 16:22:33",
            "admin": "xiangyi",
            "role": "agent",
            "product": "相一古风ai版",
            "price": 298.0,
            "count": 1,
            "revenue": 298.0
        },
        {
            "time": "2025-08-23 16:29:17",
            "admin": "xiangyi",
            "role": "agent",
            "product": "相一古风ai版",
            "price": 298.0,
            "count": 1,
            "revenue": 298.0
        },
        {
            "time": "2025-08-23 16:32:24",
            "admin": "xiangyi",
            "role": "agent",
            "product": "相一古风ai版",
            "price": 298.0,
            "count": 1,
            "revenue": 298.0
        },
        {
            "time": "2025-08-23 16:58:02",
            "admin": "xiangyi",
            "role": "agent",
            "product": "相一古风ai版",
            "price": 298.0,
            "count": 1,
            "revenue": 298.0
        },
        {
            "time": "2025-08-23 17:09:03",
            "admin": "xiangyi",
            "role": "agent",
            "product": "相一古风ai版",
            "price": 298.0,
            "count": 1,
            "revenue": 298.0
        },
        {
            "time": "2025-08-23 17:10:43",
            "admin": "horsray",
            "agent": "xiangyi",
            "role": "admin",
            "product": "相一古风ai版",
            "price": 298.0,
            "count": 50,
            "revenue": 14900.0
        },
        {
            "time": "2025-08-23 17:13:46",
            "admin": "xiangyi",
            "role": "agent",
            "product": "相一古风ai版",
            "price": 298.0,
            "count": 1,
            "revenue": 298.0
        },
        {
            "time": "2025-08-23 17:19:08",
            "admin": "xiangyi",
            "role": "agent",
            "product": "相一古风ai版",
            "price": 298.0,
            "count": 1,
            "revenue": 298.0
        },
        {
            "time": "2025-08-23 17:34:01",
            "admin": "xiangyi",
            "role": "agent",
            "product": "相一古风ai版",
            "price": 298.0,
            "count": 1,
            "revenue": 298.0
        },
        {
            "time": "2025-08-23 17:39:44",
            "admin": "xiangyi",
            "role": "agent",
            "product": "相一古风ai版",
            "price": 298.0,
            "count": 1,
            "revenue": 298.0
        },
        {
            "time": "2025-08-23 17:41:39",
            "admin": "xiangyi",
            "role": "agent",
            "product": "相一古风ai版",
            "price": 298.0,
            "count": 1,
            "revenue": 298.0
        },
        {
            "time": "2025-08-23 17:44:53",
            "admin": "xiangyi",
            "role": "agent",
            "product": "相一古风ai版",
            "price": 298.0,
            "count": 1,
            "revenue": 298.0
        },
        {
            "time": "2025-08-23 19:23:45",
            "admin": "xiangyi",
            "role": "agent",
            "product": "相一古风ai版",
            "price": 298.0,
            "count": 1,
            "revenue": 298.0
        },
        {
            "time": "2025-08-23 19:24:20",
            "admin": "xiangyi",
            "role": "agent",
            "product": "相一古风ai版",
            "price": 298.0,
            "count": 1,
            "revenue": 298.0
        },
        {
            "time": "2025-08-23 19:25:42",
            "admin": "xiangyi",
            "role": "agent",
            "product": "相一古风ai版",
            "price": 298.0,
            "count": 1,
            "revenue": 298.0
        },
        {
            "time": "2025-08-23 19:39:13",
            "admin": "xiangyi",
            "role": "agent",
            "product": "相一古风ai版",
            "price": 298.0,
            "count": 1,
            "revenue": 298.0
        },
        {
            "time": "2025-08-23 19:41:30",
            "admin": "xiangyi",
            "role": "agent",
            "product": "相一古风ai版",
            "price": 298.0,
            "count": 1,
            "revenue": 298.0
        },
        {
            "time": "2025-08-23 19:45:53",
            "admin": "xiangyi",
            "role": "agent",
            "product": "相一古风ai版",
            "price": 298.0,
            "count": 1,
            "revenue": 298.0
        },
        {
            "time": "2025-08-23 19:52:43",
            "admin": "xiangyi",
            "role": "agent",
            "product": "相一古风ai版",
            "price": 298.0,
            "count": 1,
            "revenue": 298.0
        },
        {
            "time": "2025-08-23 19:58:00",
            "admin": "xiangyi",
            "role": "agent",
            "product": "相一古风ai版",
            "price": 298.0,
            "count": 1,
            "revenue": 298.0
        },
        {
            "time": "2025-08-23 19:59:45",
            "admin": "xiangyi",
            "role": "agent",
            "product": "相一古风ai版",
            "price": 298.0,
            "count": 1,
            "revenue": 298.0
        },
        {
            "time": "2025-08-23 20:47:47",
            "admin": "xiangyi",
            "role": "agent",
            "product": "相一古风ai版",
            "price": 298.0,
            "count": 1,
            "revenue": 298.0
        },
        {
            "time": "2025-08-23 22:00:27",
            "admin": "xiangyi",
            "role": "agent",
            "product": "相一古风ai版",
            "price": 298.0,
            "count": 1,
            "revenue": 298.0
        },
        {
            "time": "2025-08-23 22:01:12",
            "admin": "xiangyi",
            "role": "agent",
            "product": "相一古风ai版",
            "price": 298.0,
            "count": 1,
            "revenue": 298.0
        },
        {
            "time": "2025-08-23 22:07:32",
            "admin": "xiangyi",
            "role": "agent",
            "product": "相一古风ai版",
            "price": 298.0,
            "count": 1,
            "revenue": 298.0
        },
        {
            "time": "2025-08-23 22:08:04",
            "admin": "xiangyi",
            "role": "agent",
            "product": "相一古风ai版",
            "price": 298.0,
            "count": 1,
            "revenue": 298.0
        },
        {
            "time": "2025-08-23 22:21:42",
            "admin": "xiangyi",
            "role": "agent",
            "product": "相一古风ai版",
            "price": 298.0,
            "count": 1,
            "revenue": 298.0
        },
        {
            "time": "2025-08-23 22:24:56",
            "admin": "xiangyi",
            "role": "agent",
            "product": "相一古风ai版",
            "price": 298.0,
            "count": 1,
            "revenue": 298.0
        },
        {
            "time": "2025-08-23 22:42:38",
            "admin": "horsray",
            "role": "admin",
            "product": "绘影AI摄影",
            "price": 199.0,
            "count": 1,
            "revenue": 199.0
        },
        {
            "time": "2025-08-23 22:43:52",
            "admin": "xiangyi",
            "role": "agent",
            "product": "相一古风ai版",
            "price": 298.0,
            "count": 1,
            "revenue": 298.0
        },
        {
            "time": "2025-08-23 22:44:35",
            "admin": "xiangyi",
            "role": "agent",
            "product": "相一古风ai版",
            "price": 298.0,
            "count": 1,
            "revenue": 298.0
        },
        {
            "time": "2025-08-23 22:47:52",
            "admin": "xiangyi",
            "role": "agent",
            "product": "相一古风ai版",
            "price": 298.0,
            "count": 1,
            "revenue": 298.0
        },
        {
            "time": "2025-08-23 22:49:44",
            "admin": "xiangyi",
            "role": "agent",
            "product": "相一古风ai版",
            "price": 298.0,
            "count": 1,
            "revenue": 298.0
        },
        {
            "time": "2025-08-23 23:06:38",
            "admin": "xiangyi",
            "role": "agent",
            "product": "相一古风ai版",
            "price": 298.0,
            "count": 1,
            "revenue": 298.0
        },
        {
            "time": "2025-08-23 23:13:34",
            "admin": "xiangyi",
            "role": "agent",
            "product": "相一古风ai版",
            "price": 298.0,
            "count": 1,
            "revenue": 298.0
        },
        {
            "time": "2025-08-23 23:17:29",
            "admin": "xiangyi",
            "role": "agent",
            "product": "相一古风ai版",
            "price": 298.0,
            "count": 1,
            "revenue": 298.0
        },
        {
            "time": "2025-08-23 23:18:58",
            "admin": "xiangyi",
            "role": "agent",
            "product": "相一古风ai版",
            "price": 298.0,
            "count": 1,
            "revenue": 298.0
        },
        {
            "time": "2025-08-23 23:23:46",
            "admin": "xiangyi",
            "role": "agent",
            "product": "相一古风ai版",
            "price": 298.0,
            "count": 1,
            "revenue": 298.0
        },
        {
            "time": "2025-08-23 23:24:26",
            "admin": "xiangyi",
            "role": "agent",
            "product": "相一古风ai版",
            "price": 298.0,
            "count": 1,
            "revenue": 298.0
        },
        {
            "time": "2025-08-23 23:25:28",
            "admin": "xiangyi",
            "role": "agent",
            "product": "相一古风ai版",
            "price": 298.0,
            "count": 1,
            "revenue": 298.0
        },
        {
            "time": "2025-08-23 23:27:32",
            "admin": "xiangyi",
            "role": "agent",
            "product": "相一古风ai版",
            "price": 298.0,
            "count": 1,
            "revenue": 298.0
        },
        {
            "time": "2025-08-23 23:27:33",
            "admin": "xiangyi",
            "role": "agent",
            "product": "相一古风ai版",
            "price": 298.0,
            "count": 1,
            "revenue": 298.0
        },
        {
            "time": "2025-08-23 23:27:35",
            "admin": "xiangyi",
            "role": "agent",
            "product": "相一古风ai版",
            "price": 298.0,
            "count": 1,
            "revenue": 298.0
        },
        {
            "time": "2025-08-23 23:49:26",
            "admin": "xiangyi",
            "role": "agent",
            "product": "相一古风ai版",
            "price": 298.0,
            "count": 1,
            "revenue": 298.0
        },
        {
            "time": "2025-08-24 08:08:01",
            "admin": "xiangyi",
            "role": "agent",
            "product": "相一古风ai版",
            "price": 298.0,
            "count": 1,
            "revenue": 298.0
        },
        {
            "time": "2025-08-24 10:13:37",
            "admin": "xiangyi",
            "role": "agent",
            "product": "相一古风ai版",
            "price": 298.0,
            "count": 1,
            "revenue": 298.0
        },
        {
            "time": "2025-08-24 10:14:24",
            "admin": "xiangyi",
            "role": "agent",
            "product": "相一古风ai版",
            "price": 298.0,
            "count": 1,
            "revenue": 298.0
        },
        {
            "time": "2025-08-24 10:36:18",
            "admin": "xiangyi",
            "role": "agent",
            "product": "相一古风ai版",
            "price": 298.0,
            "count": 1,
            "revenue": 298.0
        },
        {
            "time": "2025-08-24 11:14:03",
            "admin": "xiangyi",
            "role": "agent",
            "product": "相一古风ai版",
            "price": 298.0,
            "count": 1,
            "revenue": 298.0
        },
        {
            "time": "2025-08-24 11:18:36",
            "admin": "xiangyi",
            "role": "agent",
            "product": "相一古风ai版",
            "price": 298.0,
            "count": 1,
            "revenue": 298.0
        },
        {
            "time": "2025-08-24 11:52:58",
            "admin": "yiyang",
            "role": "agent",
            "product": "绘影AI摄影2.5",
            "price": 298.0,
            "count": 1,
            "revenue": 298.0
        },
        {
            "time": "2025-08-24 11:53:59",
            "admin": "xiangyi",
            "role": "agent",
            "product": "相一古风ai版",
            "price": 298.0,
            "count": 1,
            "revenue": 298.0
        },
        {
            "time": "2025-08-24 12:12:16",
            "admin": "xiangyi",
            "role": "agent",
            "product": "相一古风ai版",
            "price": 298.0,
            "count": 1,
            "revenue": 298.0
        },
        {
            "time": "2025-08-24 12:24:24",
            "admin": "xiangyi",
            "role": "agent",
            "product": "相一古风ai版",
            "price": 298.0,
            "count": 1,
            "revenue": 298.0
        },
        {
            "time": "2025-08-24 12:26:04",
            "admin": "xiangyi",
            "role": "agent",
            "product": "相一古风ai版",
            "price": 298.0,
            "count": 1,
            "revenue": 298.0
        },
        {
            "time": "2025-08-24 12:38:34",
            "admin": "xiangyi",
            "role": "agent",
            "product": "相一古风ai版",
            "price": 298.0,
            "count": 1,
            "revenue": 298.0
        },
        {
            "time": "2025-08-24 12:54:40",
            "admin": "xiangyi",
            "role": "agent",
            "product": "相一古风ai版",
            "price": 298.0,
            "count": 1,
            "revenue": 298.0
        },
        {
            "time": "2025-08-24 13:13:31",
            "admin": "horsray",
            "agent": "xiangyi",
            "role": "admin",
            "product": "相一古风ai版",
            "price": 298.0,
            "count": 70,
            "revenue": 20860.0
        },
        {
            "time": "2025-08-24 13:13:36",
            "admin": "horsray",
            "agent": "yiyang",
            "role": "admin",
            "product": "绘影AI摄影",
            "price": 298.0,
            "count": 10,
            "revenue": 2980.0
        },
        {
            "time": "2025-08-24 13:21:26",
            "admin": "yiyang",
            "role": "agent",
            "product": "绘影AI摄影",
            "price": 298.0,
            "count": 1,
            "revenue": 298.0
        },
        {
            "time": "2025-08-24 13:38:00",
            "admin": "horsray",
            "agent": "xiangyi",
            "role": "admin",
            "product": "相一古风ai版",
            "price": 298.0,
            "count": 70,
            "revenue": 20860.0
        },
        {
            "time": "2025-08-24 15:01:25",
            "admin": "xiangyi",
            "role": "agent",
            "product": "相一古风ai版",
            "price": 298.0,
            "count": 1,
            "revenue": 298.0
        },
        {
            "time": "2025-08-24 15:05:59",
            "admin": "xiangyi",
            "role": "agent",
            "product": "相一古风ai版",
            "price": 298.0,
            "count": 1,
            "revenue": 298.0
        },
        {
            "time": "2025-08-24 15:17:21",
            "admin": "xiangyi",
            "role": "agent",
            "product": "相一古风ai版",
            "price": 298.0,
            "count": 1,
            "revenue": 298.0
        },
        {
            "time": "2025-08-24 16:45:02",
            "admin": "xiangyi",
            "role": "agent",
            "product": "相一古风ai版",
            "price": 298.0,
            "count": 1,
            "revenue": 298.0
        },
        {
            "time": "2025-08-24 16:49:10",
            "admin": "xiangyi",
            "role": "agent",
            "product": "相一古风ai版",
            "price": 298.0,
            "count": 1,
            "revenue": 298.0
        },
        {
            "time": "2025-08-24 16:50:01",
            "admin": "xiangyi",
            "role": "agent",
            "product": "相一古风ai版",
            "price": 298.0,
            "count": 1,
            "revenue": 298.0
        },
        {
            "time": "2025-08-24 17:05:59",
            "admin": "horsray",
            "role": "admin",
            "product": "绘影AI摄影",
            "price": 0.0,
            "count": 1,
            "revenue": 0.0
        },
        {
            "time": "2025-08-24 17:26:42",
            "admin": "yiyang",
            "role": "agent",
            "product": "绘影AI摄影",
            "price": 298.0,
            "count": 1,
            "revenue": 298.0
        },
        {
            "time": "2025-08-24 17:53:48",
            "admin": "xiangyi",
            "role": "agent",
            "product": "相一古风ai版",
            "price": 298.0,
            "count": 1,
            "revenue": 298.0
        },
        {
            "time": "2025-08-24 21:39:41",
            "admin": "xiangyi",
            "role": "agent",
            "product": "相一古风ai版",
            "price": 298.0,
            "count": 1,
            "revenue": 298.0
        },
        {
            "time": "2025-08-24 21:48:32",
            "admin": "xiangyi",
            "role": "agent",
            "product": "相一古风ai版",
            "price": 298.0,
            "count": 1,
            "revenue": 298.0
        },
        {
            "time": "2025-08-24 21:57:26",
            "admin": "xiangyi",
            "role": "agent",
            "product": "相一古风ai版",
            "price": 298.0,
            "count": 1,
            "revenue": 298.0
        },
        {
            "time": "2025-08-24 22:09:52",
            "admin": "horsray",
            "role": "admin",
            "product": "绘影AI摄影",
            "price": 0.0,
            "count": 1,
            "revenue": 0.0
        },
        {
            "time": "2025-08-24 22:18:03",
            "admin": "horsray",
            "agent": "peidong",
            "role": "admin",
            "product": "绘影AI摄影",
            "price": 298.0,
            "count": 1,
            "revenue": 298.0
        },
        {
            "time": "2025-08-24 22:19:57",
            "admin": "peidong",
            "role": "agent",
            "product": "绘影AI摄影",
            "price": 298.0,
            "count": 1,
            "revenue": 298.0
        },
        {
            "time": "2025-08-24 22:33:00",
            "admin": "xiangyi",
            "role": "agent",
            "product": "相一古风ai版",
            "price": 298.0,
            "count": 1,
            "revenue": 298.0
        },
        {
            "time": "2025-08-24 23:23:54",
            "admin": "xiangyi",
            "role": "agent",
            "product": "相一古风ai版",
            "price": 298.0,
            "count": 1,
            "revenue": 298.0
        },
        {
            "time": "2025-08-24 23:26:42",
            "admin": "xiangyi",
            "role": "agent",
            "product": "相一古风ai版",
            "price": 298.0,
            "count": 1,
            "revenue": 298.0
        },
        {
            "time": "2025-08-25 09:40:59",
            "admin": "xiangyi",
            "role": "agent",
            "product": "相一古风ai版",
            "price": 298.0,
            "count": 1,
            "revenue": 298.0
        },
        {
            "time": "2025-08-25 09:43:47",
            "admin": "xiangyi",
            "role": "agent",
            "product": "相一古风ai版",
            "price": 298.0,
            "count": 1,
            "revenue": 298.0
        },
        {
            "time": "2025-08-25 10:03:55",
            "admin": "xiangyi",
            "role": "agent",
            "product": "相一古风ai版",
            "price": 298.0,
            "count": 1,
            "revenue": 298.0
        },
        {
            "time": "2025-08-25 10:49:39",
            "admin": "xiangyi",
            "role": "agent",
            "product": "相一古风ai版",
            "price": 298.0,
            "count": 1,
            "revenue": 298.0
        },
        {
            "time": "2025-08-25 10:59:39",
            "admin": "xiangyi",
            "role": "agent",
            "product": "相一古风ai版",
            "price": 298.0,
            "count": 1,
            "revenue": 298.0
        },
        {
            "time": "2025-08-25 11:12:59",
            "admin": "xiangyi",
            "role": "agent",
            "product": "相一古风ai版",
            "price": 298.0,
            "count": 1,
            "revenue": 298.0
        },
        {
            "time": "2025-08-25 12:30:22",
            "admin": "xiangyi",
            "role": "agent",
            "product": "相一古风ai版",
            "price": 298.0,
            "count": 1,
            "revenue": 298.0
        },
        {
            "time": "2025-08-25 12:42:12",
            "admin": "xiangyi",
            "role": "agent",
            "product": "相一古风ai版",
            "price": 298.0,
            "count": 1,
            "revenue": 298.0
        },
        {
            "time": "2025-08-25 13:22:35",
            "admin": "xiangyi",
            "role": "agent",
            "product": "相一古风ai版",
            "price": 298.0,
            "count": 1,
            "revenue": 298.0
        },
        {
            "time": "2025-08-25 13:43:27",
            "admin": "xiangyi",
            "role": "agent",
            "product": "相一古风ai版",
            "price": 298.0,
            "count": 1,
            "revenue": 298.0
        },
        {
            "time": "2025-08-25 13:59:48",
            "admin": "xiangyi",
            "role": "agent",
            "product": "相一古风ai版",
            "price": 298.0,
            "count": 1,
            "revenue": 298.0
        },
        {
            "time": "2025-08-25 14:33:07",
            "admin": "xiangyi",
            "role": "agent",
            "product": "相一古风ai版",
            "price": 298.0,
            "count": 1,
            "revenue": 298.0
        },
        {
            "time": "2025-08-25 14:36:25",
            "admin": "xiangyi",
            "role": "agent",
            "product": "相一古风ai版",
            "price": 298.0,
            "count": 1,
            "revenue": 298.0
        },
        {
            "time": "2025-08-25 14:55:25",
            "admin": "xiangyi",
            "role": "agent",
            "product": "相一古风ai版",
            "price": 298.0,
            "count": 1,
            "revenue": 298.0
        },
        {
            "time": "2025-08-25 14:58:02",
            "admin": "xiangyi",
            "role": "agent",
            "product": "相一古风ai版",
            "price": 298.0,
            "count": 1,
            "revenue": 298.0
        },
        {
            "time": "2025-08-25 15:05:04",
            "admin": "xiangyi",
            "role": "agent",
            "product": "相一古风ai版",
            "price": 298.0,
            "count": 1,
            "revenue": 298.0
        },
        {
            "time": "2025-08-25 15:26:28",
            "admin": "xiangyi",
            "role": "agent",
            "product": "相一古风ai版",
            "price": 298.0,
            "count": 1,
            "revenue": 298.0
        },
        {
            "time": "2025-08-25 15:32:13",
            "admin": "xiangyi",
            "role": "agent",
            "product": "相一古风ai版",
            "price": 298.0,
            "count": 1,
            "revenue": 298.0
        },
        {
            "time": "2025-08-25 15:34:11",
            "admin": "xiangyi",
            "role": "agent",
            "product": "相一古风ai版",
            "price": 298.0,
            "count": 1,
            "revenue": 298.0
        },
        {
            "time": "2025-08-25 15:36:13",
            "admin": "xiangyi",
            "role": "agent",
            "product": "相一古风ai版",
            "price": 298.0,
            "count": 1,
            "revenue": 298.0
        },
        {
            "time": "2025-08-25 15:51:26",
            "admin": "xiangyi",
            "role": "agent",
            "product": "相一古风ai版",
            "price": 298.0,
            "count": 1,
            "revenue": 298.0
        },
        {
            "time": "2025-08-25 15:56:42",
            "admin": "xiangyi",
            "role": "agent",
            "product": "相一古风ai版",
            "price": 298.0,
            "count": 1,
            "revenue": 298.0
        },
        {
            "time": "2025-08-25 16:00:10",
            "admin": "xiangyi",
            "role": "agent",
            "product": "相一古风ai版",
            "price": 298.0,
            "count": 1,
            "revenue": 298.0
        },
        {
            "time": "2025-08-25 16:01:40",
            "admin": "xiangyi",
            "role": "agent",
            "product": "相一古风ai版",
            "price": 298.0,
            "count": 1,
            "revenue": 298.0
        },
        {
            "time": "2025-08-25 16:04:17",
            "admin": "xiangyi",
            "role": "agent",
            "product": "相一古风ai版",
            "price": 298.0,
            "count": 1,
            "revenue": 298.0
        },
        {
            "time": "2025-08-25 16:06:24",
            "admin": "xiangyi",
            "role": "agent",
            "product": "相一古风ai版",
            "price": 298.0,
            "count": 1,
            "revenue": 298.0
        },
        {
            "time": "2025-08-25 16:36:30",
            "admin": "xiangyi",
            "role": "agent",
            "product": "相一古风ai版",
            "price": 298.0,
            "count": 1,
            "revenue": 298.0
        },
        {
            "time": "2025-08-25 16:39:22",
            "admin": "xiangyi",
            "role": "agent",
            "product": "相一古风ai版",
            "price": 298.0,
            "count": 1,
            "revenue": 298.0
        },
        {
            "time": "2025-08-25 16:44:56",
            "admin": "xiangyi",
            "role": "agent",
            "product": "相一古风ai版",
            "price": 298.0,
            "count": 1,
            "revenue": 298.0
        },
        {
            "time": "2025-08-25 16:47:02",
            "admin": "xiangyi",
            "role": "agent",
            "product": "相一古风ai版",
            "price": 298.0,
            "count": 1,
            "revenue": 298.0
        },
        {
            "time": "2025-08-25 16:55:06",
            "admin": "xiangyi",
            "role": "agent",
            "product": "相一古风ai版",
            "price": 298.0,
            "count": 1,
            "revenue": 298.0
        },
        {
            "time": "2025-08-25 17:13:09",
            "admin": "xiangyi",
            "role": "agent",
            "product": "相一古风ai版",
            "price": 298.0,
            "count": 1,
            "revenue": 298.0
        },
        {
            "time": "2025-08-25 17:28:14",
            "admin": "xiangyi",
            "role": "agent",
            "product": "相一古风ai版",
            "price": 298.0,
            "count": 1,
            "revenue": 298.0
        },
        {
            "time": "2025-08-25 17:41:15",
            "admin": "xiangyi",
            "role": "agent",
            "product": "相一古风ai版",
            "price": 298.0,
            "count": 1,
            "revenue": 298.0
        },
        {
            "time": "2025-08-25 17:43:11",
            "admin": "xiangyi",
            "role": "agent",
            "product": "相一古风ai版",
            "price": 298.0,
            "count": 1,
            "revenue": 298.0
        },
        {
            "time": "2025-08-25 17:51:57",
            "admin": "xiangyi",
            "role": "agent",
            "product": "相一古风ai版",
            "price": 298.0,
            "count": 1,
            "revenue": 298.0
        },
        {
            "time": "2025-08-25 18:50:16",
            "admin": "xiangyi",
            "role": "agent",
            "product": "相一古风ai版",
            "price": 298.0,
            "count": 1,
            "revenue": 298.0
        },
        {
            "time": "2025-08-25 19:29:52",
            "admin": "horsray",
            "agent": "peidong",
            "role": "admin",
            "product": "绘影AI摄影",
            "price": 298.0,
            "count": 1,
            "revenue": 298.0
        },
        {
            "time": "2025-08-25 19:38:05",
            "admin": "peidong",
            "role": "agent",
            "product": "绘影AI摄影",
            "price": 298.0,
            "count": 1,
            "revenue": 298.0
        },
        {
            "time": "2025-08-25 20:15:38",
            "admin": "horsray",
            "product": "绘影AI摄影",
            "price": 149.0,
            "count": 1,
            "revenue": 149.0,
            "role": "admin"
        },
        {
            "time": "2025-08-25 20:15:38",
            "admin": "horsray",
            "product": "绘影AI摄影",
            "price": 149.0,
            "count": 1,
            "revenue": 149.0,
            "role": "admin"
        },
        {
            "time": "2025-08-25 20:30:15",
            "admin": "xiangyi",
            "role": "agent",
            "product": "相一古风ai版",
            "price": 298.0,
            "count": 1,
            "revenue": 298.0
        },
        {
            "time": "2025-08-25 20:43:05",
            "admin": "xiangyi",
            "role": "agent",
            "product": "相一古风ai版",
            "price": 298.0,
            "count": 1,
            "revenue": 298.0
        },
        {
            "time": "2025-08-25 20:43:44",
            "admin": "xiangyi",
            "role": "agent",
            "product": "相一古风ai版",
            "price": 298.0,
            "count": 1,
            "revenue": 298.0
        },
        {
            "time": "2025-08-25 21:48:29",
            "admin": "xiangyi",
            "role": "agent",
            "product": "相一古风ai版",
            "price": 298.0,
            "count": 1,
            "revenue": 298.0
        },
        {
            "time": "2025-08-25 22:08:46",
            "admin": "xiangyi",
            "role": "agent",
            "product": "相一古风ai版",
            "price": 298.0,
            "count": 1,
            "revenue": 298.0
        },
        {
            "time": "2025-08-25 22:16:35",
            "admin": "xiangyi",
            "role": "agent",
            "product": "相一古风ai版",
            "price": 298.0,
            "count": 1,
            "revenue": 298.0
        },
        {
            "time": "2025-08-25 22:19:22",
            "admin": "xiangyi",
            "role": "agent",
            "product": "相一古风ai版",
            "price": 298.0,
            "count": 1,
            "revenue": 298.0
        },
        {
            "time": "2025-08-25 22:24:04",
            "admin": "xiangyi",
            "role": "agent",
            "product": "相一古风ai版",
            "price": 298.0,
            "count": 1,
            "revenue": 298.0
        },
        {
            "time": "2025-08-25 22:28:08",
            "admin": "xiangyi",
            "role": "agent",
            "product": "相一古风ai版",
            "price": 298.0,
            "count": 1,
            "revenue": 298.0
        },
        {
            "time": "2025-08-25 22:28:12",
            "admin": "xiangyi",
            "role": "agent",
            "product": "相一古风ai版",
            "price": 298.0,
            "count": 1,
            "revenue": 298.0
        },
        {
            "time": "2025-08-25 22:28:55",
            "admin": "xiangyi",
            "role": "agent",
            "product": "相一古风ai版",
            "price": 298.0,
            "count": 1,
            "revenue": 298.0
        },
        {
            "time": "2025-08-25 22:29:35",
            "admin": "xiangyi",
            "role": "agent",
            "product": "相一古风ai版",
            "price": 298.0,
            "count": 1,
            "revenue": 298.0
        },
        {
            "time": "2025-08-25 22:34:16",
            "admin": "xiangyi",
            "role": "agent",
            "product": "相一古风ai版",
            "price": 298.0,
            "count": 1,
            "revenue": 298.0
        },
        {
            "time": "2025-08-25 22:34:17",
            "admin": "xiangyi",
            "role": "agent",
            "product": "相一古风ai版",
            "price": 298.0,
            "count": 1,
            "revenue": 298.0
        },
        {
            "time": "2025-08-25 22:34:18",
            "admin": "xiangyi",
            "role": "agent",
            "product": "相一古风ai版",
            "price": 298.0,
            "count": 1,
            "revenue": 298.0
        },
        {
            "time": "2025-08-25 22:34:20",
            "admin": "xiangyi",
            "role": "agent",
            "product": "相一古风ai版",
            "price": 298.0,
            "count": 1,
            "revenue": 298.0
        },
        {
            "time": "2025-08-25 22:34:21",
            "admin": "xiangyi",
            "role": "agent",
            "product": "相一古风ai版",
            "price": 298.0,
            "count": 1,
            "revenue": 298.0
        },
        {
            "time": "2025-08-25 22:34:22",
            "admin": "xiangyi",
            "role": "agent",
            "product": "相一古风ai版",
            "price": 298.0,
            "count": 1,
            "revenue": 298.0
        },
        {
            "time": "2025-08-25 22:34:23",
            "admin": "xiangyi",
            "role": "agent",
            "product": "相一古风ai版",
            "price": 298.0,
            "count": 1,
            "revenue": 298.0
        },
        {
            "time": "2025-08-25 22:34:24",
            "admin": "xiangyi",
            "role": "agent",
            "product": "相一古风ai版",
            "price": 298.0,
            "count": 1,
            "revenue": 298.0
        },
        {
            "time": "2025-08-25 22:34:25",
            "admin": "xiangyi",
            "role": "agent",
            "product": "相一古风ai版",
            "price": 298.0,
            "count": 1,
            "revenue": 298.0
        },
        {
            "time": "2025-08-25 22:34:26",
            "admin": "xiangyi",
            "role": "agent",
            "product": "相一古风ai版",
            "price": 298.0,
            "count": 1,
            "revenue": 298.0
        },
        {
            "time": "2025-08-25 22:40:31",
            "admin": "horsray",
            "agent": "xiangyi",
            "role": "admin",
            "product": "相一古风ai版",
            "price": 298.0,
            "count": 100,
            "revenue": 29800.0
        },
        {
            "time": "2025-08-25 23:14:08",
            "admin": "xiangyi",
            "role": "agent",
            "product": "相一古风ai版",
            "price": 298.0,
            "count": 1,
            "revenue": 298.0
        },
        {
            "time": "2025-08-25 23:28:17",
            "admin": "xiangyi",
            "role": "agent",
            "product": "相一古风ai版",
            "price": 298.0,
            "count": 1,
            "revenue": 298.0
        },
        {
            "time": "2025-08-26 09:04:39",
            "admin": "xiangyi",
            "role": "agent",
            "product": "相一古风ai版",
            "price": 298.0,
            "count": 1,
            "revenue": 298.0
        },
        {
            "time": "2025-08-26 09:05:01",
            "admin": "xiangyi",
            "role": "agent",
            "product": "相一古风ai版",
            "price": 298.0,
            "count": 1,
            "revenue": 298.0
        },
        {
            "time": "2025-08-26 09:05:55",
            "admin": "xiangyi",
            "role": "agent",
            "product": "相一古风ai版",
            "price": 298.0,
            "count": 1,
            "revenue": 298.0
        },
        {
            "time": "2025-08-26 09:08:01",
            "admin": "xiangyi",
            "role": "agent",
            "product": "相一古风ai版",
            "price": 298.0,
            "count": 1,
            "revenue": 298.0
        },
        {
            "time": "2025-08-26 09:08:32",
            "admin": "xiangyi",
            "role": "agent",
            "product": "相一古风ai版",
            "price": 298.0,
            "count": 1,
            "revenue": 298.0
        },
        {
            "time": "2025-08-26 09:08:56",
            "admin": "xiangyi",
            "role": "agent",
            "product": "相一古风ai版",
            "price": 298.0,
            "count": 1,
            "revenue": 298.0
        },
        {
            "time": "2025-08-26 10:09:27",
            "admin": "xiangyi",
            "role": "agent",
            "product": "相一古风ai版",
            "price": 298.0,
            "count": 1,
            "revenue": 298.0
        },
        {
            "time": "2025-08-26 10:10:46",
            "admin": "xiangyi",
            "role": "agent",
            "product": "相一古风ai版",
            "price": 298.0,
            "count": 1,
            "revenue": 298.0
        },
        {
            "time": "2025-08-26 10:11:56",
            "admin": "xiangyi",
            "role": "agent",
            "product": "相一古风ai版",
            "price": 298.0,
            "count": 1,
            "revenue": 298.0
        },
        {
            "time": "2025-08-26 10:56:33",
            "admin": "xiangyi",
            "role": "agent",
            "product": "相一古风ai版",
            "price": 298.0,
            "count": 1,
            "revenue": 298.0
        },
        {
            "time": "2025-08-26 10:57:29",
            "admin": "xiangyi",
            "role": "agent",
            "product": "相一古风ai版",
            "price": 298.0,
            "count": 1,
            "revenue": 298.0
        },
        {
            "time": "2025-08-26 11:18:47",
            "admin": "xiangyi",
            "role": "agent",
            "product": "相一古风ai版",
            "price": 298.0,
            "count": 1,
            "revenue": 298.0
        },
        {
            "time": "2025-08-26 13:08:21",
            "admin": "xiangyi",
            "role": "agent",
            "product": "相一古风ai版",
            "price": 298.0,
            "count": 1,
            "revenue": 298.0
        },
        {
            "time": "2025-08-26 13:24:51",
            "admin": "xiangyi",
            "role": "agent",
            "product": "相一古风ai版",
            "price": 298.0,
            "count": 1,
            "revenue": 298.0
        },
        {
            "time": "2025-08-26 13:35:13",
            "admin": "xiangyi",
            "role": "agent",
            "product": "相一古风ai版",
            "price": 298.0,
            "count": 1,
            "revenue": 298.0
        },
        {
            "time": "2025-08-26 13:35:33",
            "admin": "xiangyi",
            "role": "agent",
            "product": "相一古风ai版",
            "price": 298.0,
            "count": 1,
            "revenue": 298.0
        },
        {
            "time": "2025-08-26 13:35:45",
            "admin": "xiangyi",
            "role": "agent",
            "product": "相一古风ai版",
            "price": 298.0,
            "count": 1,
            "revenue": 298.0
        },
        {
            "time": "2025-08-26 13:48:17",
            "admin": "xiangyi",
            "role": "agent",
            "product": "相一古风ai版",
            "price": 298.0,
            "count": 1,
            "revenue": 298.0
        },
        {
            "time": "2025-08-26 13:51:47",
            "admin": "xiangyi",
            "role": "agent",
            "product": "相一古风ai版",
            "price": 298.0,
            "count": 1,
            "revenue": 298.0
        },
        {
            "time": "2025-08-26 14:03:06",
            "admin": "xiangyi",
            "role": "agent",
            "product": "相一古风ai版",
            "price": 298.0,
            "count": 1,
            "revenue": 298.0
        },
        {
            "time": "2025-08-26 14:03:49",
            "admin": "xiangyi",
            "role": "agent",
            "product": "相一古风ai版",
            "price": 298.0,
            "count": 1,
            "revenue": 298.0
        },
        {
            "time": "2025-08-26 14:06:59",
            "admin": "xiangyi",
            "role": "agent",
            "product": "相一古风ai版",
            "price": 298.0,
            "count": 1,
            "revenue": 298.0
        },
        {
            "time": "2025-08-26 14:14:17",
            "admin": "xiangyi",
            "role": "agent",
            "product": "相一古风ai版",
            "price": 298.0,
            "count": 1,
            "revenue": 298.0
        },
        {
            "time": "2025-08-26 14:14:58",
            "admin": "xiangyi",
            "role": "agent",
            "product": "相一古风ai版",
            "price": 298.0,
            "count": 1,
            "revenue": 298.0
        },
        {
            "time": "2025-08-26 14:26:11",
            "admin": "xiangyi",
            "role": "agent",
            "product": "相一古风ai版",
            "price": 298.0,
            "count": 1,
            "revenue": 298.0
        },
        {
            "time": "2025-08-26 14:27:20",
            "admin": "xiangyi",
            "role": "agent",
            "product": "相一古风ai版",
            "price": 298.0,
            "count": 1,
            "revenue": 298.0
        },
        {
            "time": "2025-08-26 14:32:30",
            "admin": "xiangyi",
            "role": "agent",
            "product": "相一古风ai版",
            "price": 298.0,
            "count": 1,
            "revenue": 298.0
        },
        {
            "time": "2025-08-26 14:37:38",
            "admin": "horsray",
            "role": "admin",
            "product": "绘影AI摄影",
            "price": 0.0,
            "count": 1,
            "revenue": 0.0
        },
        {
            "time": "2025-08-26 14:56:06",
            "admin": "yiyang",
            "role": "agent",
            "product": "绘影AI摄影",
            "price": 298.0,
            "count": 1,
            "revenue": 298.0
        },
        {
            "time": "2025-08-26 15:01:04",
            "admin": "xiangyi",
            "role": "agent",
            "product": "相一古风ai版",
            "price": 298.0,
            "count": 1,
            "revenue": 298.0
        },
        {
            "time": "2025-08-26 16:19:46",
            "admin": "xiangyi",
            "role": "agent",
            "product": "相一古风ai版",
            "price": 298.0,
            "count": 1,
            "revenue": 298.0
        },
        {
            "time": "2025-08-26 16:19:46",
            "admin": "xiangyi",
            "role": "agent",
            "product": "相一古风ai版",
            "price": 298.0,
            "count": 1,
            "revenue": 298.0
        },
        {
            "time": "2025-08-26 16:19:46",
            "admin": "xiangyi",
            "role": "agent",
            "product": "相一古风ai版",
            "price": 298.0,
            "count": 1,
            "revenue": 298.0
        },
        {
            "time": "2025-08-26 16:19:46",
            "admin": "xiangyi",
            "role": "agent",
            "product": "相一古风ai版",
            "price": 298.0,
            "count": 1,
            "revenue": 298.0
        },
        {
            "time": "2025-08-26 16:19:46",
            "admin": "xiangyi",
            "role": "agent",
            "product": "相一古风ai版",
            "price": 298.0,
            "count": 1,
            "revenue": 298.0
        },
        {
            "time": "2025-08-26 16:19:46",
            "admin": "xiangyi",
            "role": "agent",
            "product": "相一古风ai版",
            "price": 298.0,
            "count": 1,
            "revenue": 298.0
        },
        {
            "time": "2025-08-26 16:19:46",
            "admin": "xiangyi",
            "role": "agent",
            "product": "相一古风ai版",
            "price": 298.0,
            "count": 1,
            "revenue": 298.0
        },
        {
            "time": "2025-08-26 16:19:46",
            "admin": "xiangyi",
            "role": "agent",
            "product": "相一古风ai版",
            "price": 298.0,
            "count": 1,
            "revenue": 298.0
        },
        {
            "time": "2025-08-26 16:19:46",
            "admin": "xiangyi",
            "role": "agent",
            "product": "相一古风ai版",
            "price": 298.0,
            "count": 1,
            "revenue": 298.0
        },
        {
            "time": "2025-08-26 16:59:15",
            "admin": "xiangyi",
            "role": "agent",
            "product": "相一古风ai版",
            "price": 298.0,
            "count": 1,
            "revenue": 298.0
        },
        {
            "time": "2025-08-26 16:59:42",
            "admin": "xiangyi",
            "role": "agent",
            "product": "相一古风ai版",
            "price": 298.0,
            "count": 1,
            "revenue": 298.0
        },
        {
            "time": "2025-08-26 17:00:33",
            "admin": "xiangyi",
            "role": "agent",
            "product": "相一古风ai版",
            "price": 298.0,
            "count": 1,
            "revenue": 298.0
        },
        {
            "time": "2025-08-26 17:10:42",
            "admin": "xiangyi",
            "role": "agent",
            "product": "相一古风ai版",
            "price": 298.0,
            "count": 1,
            "revenue": 298.0
        },
        {
            "time": "2025-08-26 17:12:33",
            "admin": "xiangyi",
            "role": "agent",
            "product": "相一古风ai版",
            "price": 298.0,
            "count": 1,
            "revenue": 298.0
        },
        {
            "time": "2025-08-26 17:14:35",
            "admin": "xiangyi",
            "role": "agent",
            "product": "相一古风ai版",
            "price": 298.0,
            "count": 1,
            "revenue": 298.0
        },
        {
            "time": "2025-08-26 17:21:09",
            "admin": "xiangyi",
            "role": "agent",
            "product": "相一古风ai版",
            "price": 298.0,
            "count": 1,
            "revenue": 298.0
        },
        {
            "time": "2025-08-26 17:39:40",
            "admin": "horsray",
            "agent": "peidong",
            "role": "admin",
            "product": "绘影AI摄影",
            "price": 298.0,
            "count": 1,
            "revenue": 298.0
        },
        {
            "time": "2025-08-26 21:27:36",
            "admin": "horsray",
            "role": "admin",
            "product": "绘影AI摄影",
            "price": 199.0,
            "count": 1,
            "revenue": 199.0
        },
        {
            "time": "2025-08-26 23:39:40",
            "admin": "xiangyi",
            "role": "agent",
            "product": "相一古风ai版",
            "price": 298.0,
            "count": 1,
            "revenue": 298.0
        },
        {
            "time": "2025-08-26 23:42:56",
            "admin": "xiangyi",
            "role": "agent",
            "product": "相一古风ai版",
            "price": 298.0,
            "count": 1,
            "revenue": 298.0
        },
        {
            "time": "2025-08-26 23:47:05",
            "admin": "xiangyi",
            "role": "agent",
            "product": "相一古风ai版",
            "price": 298.0,
            "count": 1,
            "revenue": 298.0
        },
        {
            "time": "2025-08-26 23:47:31",
            "admin": "xiangyi",
            "role": "agent",
            "product": "相一古风ai版",
            "price": 298.0,
            "count": 1,
            "revenue": 298.0
        },
        {
            "time": "2025-08-26 23:47:54",
            "admin": "xiangyi",
            "role": "agent",
            "product": "相一古风ai版",
            "price": 298.0,
            "count": 1,
            "revenue": 298.0
        },
        {
            "time": "2025-08-26 23:48:20",
            "admin": "xiangyi",
            "role": "agent",
            "product": "相一古风ai版",
            "price": 298.0,
            "count": 1,
            "revenue": 298.0
        },
        {
            "time": "2025-08-26 23:48:44",
            "admin": "xiangyi",
            "role": "agent",
            "product": "相一古风ai版",
            "price": 298.0,
            "count": 1,
            "revenue": 298.0
        },
        {
            "time": "2025-08-26 23:49:11",
            "admin": "xiangyi",
            "role": "agent",
            "product": "相一古风ai版",
            "price": 298.0,
            "count": 1,
            "revenue": 298.0
        },
        {
            "time": "2025-08-26 23:50:56",
            "admin": "xiangyi",
            "role": "agent",
            "product": "相一古风ai版",
            "price": 298.0,
            "count": 1,
            "revenue": 298.0
        },
        {
            "time": "2025-08-27 00:06:59",
            "admin": "xiangyi",
            "role": "agent",
            "product": "相一古风ai版",
            "price": 298.0,
            "count": 1,
            "revenue": 298.0
        },
        {
            "time": "2025-08-27 00:13:34",
            "admin": "xiangyi",
            "role": "agent",
            "product": "相一古风ai版",
            "price": 298.0,
            "count": 1,
            "revenue": 298.0
        },
        {
            "time": "2025-08-27 09:19:46",
            "admin": "xiangyi",
            "role": "agent",
            "product": "相一古风ai版",
            "price": 298.0,
            "count": 1,
            "revenue": 298.0
        },
        {
            "time": "2025-08-27 09:20:56",
            "admin": "xiangyi",
            "role": "agent",
            "product": "相一古风ai版",
            "price": 298.0,
            "count": 1,
            "revenue": 298.0
        },
        {
            "time": "2025-08-27 09:22:14",
            "admin": "xiangyi",
            "role": "agent",
            "product": "相一古风ai版",
            "price": 298.0,
            "count": 1,
            "revenue": 298.0
        },
        {
            "time": "2025-08-27 10:37:28",
            "admin": "xiangyi",
            "role": "agent",
            "product": "相一古风ai版",
            "price": 298.0,
            "count": 1,
            "revenue": 298.0
        },
        {
            "time": "2025-08-27 10:59:58",
            "admin": "xiangyi",
            "role": "agent",
            "product": "相一古风ai版",
            "price": 298.0,
            "count": 1,
            "revenue": 298.0
        },
        {
            "time": "2025-08-27 12:21:45",
            "admin": "horsray",
            "role": "admin",
            "product": "绘影AI摄影",
            "price": 79.0,
            "count": 1,
            "revenue": 79.0
        },
        {
            "time": "2025-08-27 12:44:39",
            "admin": "xiangyi",
            "role": "agent",
            "product": "相一古风ai版",
            "price": 298.0,
            "count": 1,
            "revenue": 298.0
        },
        {
            "time": "2025-08-27 12:45:37",
            "admin": "xiangyi",
            "role": "agent",
            "product": "相一古风ai版",
            "price": 298.0,
            "count": 1,
            "revenue": 298.0
        },
        {
            "time": "2025-08-27 12:46:27",
            "admin": "xiangyi",
            "role": "agent",
            "product": "相一古风ai版",
            "price": 298.0,
            "count": 1,
            "revenue": 298.0
        },
        {
            "time": "2025-08-27 12:52:13",
            "admin": "xiangyi",
            "role": "agent",
            "product": "相一古风ai版",
            "price": 298.0,
            "count": 1,
            "revenue": 298.0
        },
        {
            "time": "2025-08-27 13:39:47",
            "admin": "xiangyi",
            "role": "agent",
            "product": "相一古风ai版",
            "price": 298.0,
            "count": 1,
            "revenue": 298.0
        },
        {
            "time": "2025-08-27 14:17:58",
            "admin": "xiangyi",
            "role": "agent",
            "product": "相一古风ai版",
            "price": 298.0,
            "count": 1,
            "revenue": 298.0
        },
        {
            "time": "2025-08-27 16:08:22",
            "admin": "xiangyi",
            "role": "agent",
            "product": "相一古风ai版",
            "price": 298.0,
            "count": 1,
            "revenue": 298.0
        },
        {
            "time": "2025-08-27 16:50:06",
            "admin": "xiangyi",
            "role": "agent",
            "product": "相一古风ai版",
            "price": 298.0,
            "count": 1,
            "revenue": 298.0
        },
        {
            "time": "2025-08-27 16:57:08",
            "admin": "xiangyi",
            "role": "agent",
            "product": "相一古风ai版",
            "price": 298.0,
            "count": 1,
            "revenue": 298.0
        },
        {
            "time": "2025-08-27 16:59:32",
            "admin": "xiangyi",
            "role": "agent",
            "product": "相一古风ai版",
            "price": 298.0,
            "count": 1,
            "revenue": 298.0
        },
        {
            "time": "2025-08-27 17:01:08",
            "admin": "xiangyi",
            "role": "agent",
            "product": "相一古风ai版",
            "price": 298.0,
            "count": 1,
            "revenue": 298.0
        },
        {
            "time": "2025-08-27 17:21:24",
            "admin": "xiangyi",
            "role": "agent",
            "product": "相一古风ai版",
            "price": 298.0,
            "count": 1,
            "revenue": 298.0
        },
        {
            "time": "2025-08-27 17:30:13",
            "admin": "horsray",
            "agent": "lpd",
            "role": "admin",
            "product": "绘影AI摄影",
            "price": 298.0,
            "count": 1,
            "revenue": 298.0
        },
        {
            "time": "2025-08-27 17:47:16",
            "admin": "horsray",
            "agent": "peidong",
            "role": "admin",
            "product": "绘影AI摄影",
            "price": 298.0,
            "count": 1,
            "revenue": 298.0
        },
        {
            "time": "2025-08-27 19:08:42",
            "admin": "xiangyi",
            "role": "agent",
            "product": "相一古风ai版",
            "price": 298.0,
            "count": 1,
            "revenue": 298.0
        },
        {
            "time": "2025-08-27 19:10:23",
            "admin": "xiangyi",
            "role": "agent",
            "product": "相一古风ai版",
            "price": 298.0,
            "count": 1,
            "revenue": 298.0
        },
        {
            "time": "2025-08-27 19:36:30",
            "admin": "xiangyi",
            "role": "agent",
            "product": "相一古风ai版",
            "price": 298.0,
            "count": 1,
            "revenue": 298.0
        },
        {
            "time": "2025-08-27 19:50:04",
            "admin": "xiangyi",
            "role": "agent",
            "product": "相一古风ai版",
            "price": 298.0,
            "count": 1,
            "revenue": 298.0
        },
        {
            "time": "2025-08-27 20:14:57",
            "admin": "xiangyi",
            "role": "agent",
            "product": "相一古风ai版",
            "price": 298.0,
            "count": 1,
            "revenue": 298.0
        },
        {
            "time": "2025-08-27 20:36:04",
            "admin": "peidong",
            "role": "agent",
            "product": "绘影AI摄影",
            "price": 298.0,
            "count": 1,
            "revenue": 298.0
        },
        {
            "time": "2025-08-27 20:36:06",
            "admin": "peidong",
            "role": "agent",
            "product": "绘影AI摄影",
            "price": 298.0,
            "count": 1,
            "revenue": 298.0
        },
        {
            "time": "2025-08-27 20:59:29",
            "admin": "xiangyi",
            "role": "agent",
            "product": "相一古风ai版",
            "price": 298.0,
            "count": 1,
            "revenue": 298.0
        },
        {
            "time": "2025-08-27 21:27:00",
            "admin": "horsray",
            "agent": "bukeshuo",
            "role": "admin",
            "product": "绘影AI摄影",
            "price": 129.0,
            "count": 20,
            "revenue": 2580.0
        },
        {
            "time": "2025-08-27 22:03:12",
            "admin": "xiangyi",
            "role": "agent",
            "product": "相一古风ai版",
            "price": 298.0,
            "count": 1,
            "revenue": 298.0
        },
        {
            "time": "2025-08-27 22:04:20",
            "admin": "xiangyi",
            "role": "agent",
            "product": "相一古风ai版",
            "price": 298.0,
            "count": 1,
            "revenue": 298.0
        },
        {
            "time": "2025-08-27 22:05:08",
            "admin": "xiangyi",
            "role": "agent",
            "product": "相一古风ai版",
            "price": 298.0,
            "count": 1,
            "revenue": 298.0
        },
        {
            "time": "2025-08-27 22:06:03",
            "admin": "xiangyi",
            "role": "agent",
            "product": "相一古风ai版",
            "price": 298.0,
            "count": 1,
            "revenue": 298.0
        },
        {
            "time": "2025-08-27 22:56:03",
            "admin": "xiangyi",
            "role": "agent",
            "product": "相一古风ai版",
            "price": 298.0,
            "count": 1,
            "revenue": 298.0
        },
        {
            "time": "2025-08-27 22:56:54",
            "admin": "xiangyi",
            "role": "agent",
            "product": "相一古风ai版",
            "price": 298.0,
            "count": 1,
            "revenue": 298.0
        },
        {
            "time": "2025-08-27 23:42:19",
            "admin": "xiangyi",
            "role": "agent",
            "product": "相一古风ai版",
            "price": 298.0,
            "count": 1,
            "revenue": 298.0
        },
        {
            "time": "2025-08-27 23:42:54",
            "admin": "xiangyi",
            "role": "agent",
            "product": "相一古风ai版",
            "price": 298.0,
            "count": 1,
            "revenue": 298.0
        },
        {
            "time": "2025-08-27 23:58:16",
            "admin": "xiangyi",
            "role": "agent",
            "product": "相一古风ai版",
            "price": 298.0,
            "count": 1,
            "revenue": 298.0
        },
        {
            "time": "2025-08-28 00:03:07",
            "admin": "xiangyi",
            "role": "agent",
            "product": "相一古风ai版",
            "price": 298.0,
            "count": 1,
            "revenue": 298.0
        },
        {
            "time": "2025-08-28 00:14:24",
            "admin": "xiangyi",
            "role": "agent",
            "product": "相一古风ai版",
            "price": 298.0,
            "count": 1,
            "revenue": 298.0
        },
        {
            "time": "2025-08-28 08:27:42",
            "admin": "xiangyi",
            "role": "agent",
            "product": "相一古风ai版",
            "price": 298.0,
            "count": 1,
            "revenue": 298.0
        },
        {
            "time": "2025-08-28 09:31:50",
            "admin": "xiangyi",
            "role": "agent",
            "product": "相一古风ai版",
            "price": 298.0,
            "count": 1,
            "revenue": 298.0
        },
        {
            "time": "2025-08-28 10:22:16",
            "admin": "xiangyi",
            "role": "agent",
            "product": "相一古风ai版",
            "price": 298.0,
            "count": 1,
            "revenue": 298.0
        },
        {
            "time": "2025-08-28 12:42:53",
            "admin": "xiangyi",
            "role": "agent",
            "product": "相一古风ai版",
            "price": 298.0,
            "count": 1,
            "revenue": 298.0
        },
        {
            "time": "2025-08-28 12:44:43",
            "admin": "xiangyi",
            "role": "agent",
            "product": "相一古风ai版",
            "price": 298.0,
            "count": 1,
            "revenue": 298.0
        },
        {
            "time": "2025-08-28 13:58:10",
            "admin": "horsray",
            "agent": "xiangyi",
            "role": "admin",
            "product": "相一古风ai版",
            "price": 298.0,
            "count": 100,
            "revenue": 29800.0
        },
        {
            "time": "2025-08-28 15:34:28",
            "admin": "xiangyi",
            "role": "agent",
            "product": "相一古风ai版",
            "price": 298.0,
            "count": 1,
            "revenue": 298.0
        },
        {
            "time": "2025-08-28 15:36:01",
            "admin": "xiangyi",
            "role": "agent",
            "product": "相一古风ai版",
            "price": 298.0,
            "count": 1,
            "revenue": 298.0
        },
        {
            "time": "2025-08-28 15:38:04",
            "admin": "xiangyi",
            "role": "agent",
            "product": "相一古风ai版",
            "price": 298.0,
            "count": 1,
            "revenue": 298.0
        },
        {
            "time": "2025-08-28 15:39:33",
            "admin": "xiangyi",
            "role": "agent",
            "product": "相一古风ai版",
            "price": 298.0,
            "count": 1,
            "revenue": 298.0
        },
        {
            "time": "2025-08-28 15:41:32",
            "admin": "xiangyi",
            "role": "agent",
            "product": "相一古风ai版",
            "price": 298.0,
            "count": 1,
            "revenue": 298.0
        },
        {
            "time": "2025-08-28 15:48:35",
            "admin": "xiangyi",
            "role": "agent",
            "product": "相一古风ai版",
            "price": 298.0,
            "count": 1,
            "revenue": 298.0
        },
        {
            "time": "2025-08-28 15:49:41",
            "admin": "xiangyi",
            "role": "agent",
            "product": "相一古风ai版",
            "price": 298.0,
            "count": 1,
            "revenue": 298.0
        },
        {
            "time": "2025-08-28 15:53:13",
            "admin": "xiangyi",
            "role": "agent",
            "product": "相一古风ai版",
            "price": 298.0,
            "count": 1,
            "revenue": 298.0
        },
        {
            "time": "2025-08-28 17:28:22",
            "admin": "xiangyi",
            "role": "agent",
            "product": "相一古风ai版",
            "price": 298.0,
            "count": 1,
            "revenue": 298.0
        },
        {
            "time": "2025-08-28 17:28:46",
            "admin": "xiangyi",
            "role": "agent",
            "product": "相一古风ai版",
            "price": 298.0,
            "count": 1,
            "revenue": 298.0
        },
        {
            "time": "2025-08-28 17:29:29",
            "admin": "xiangyi",
            "role": "agent",
            "product": "相一古风ai版",
            "price": 298.0,
            "count": 1,
            "revenue": 298.0
        },
        {
            "time": "2025-08-28 17:40:00",
            "admin": "xiangyi",
            "role": "agent",
            "product": "相一古风ai版",
            "price": 298.0,
            "count": 1,
            "revenue": 298.0
        },
        {
            "time": "2025-08-28 18:10:41",
            "admin": "xiangyi",
            "role": "agent",
            "product": "相一古风ai版",
            "price": 298.0,
            "count": 1,
            "revenue": 298.0
        },
        {
            "time": "2025-08-28 19:04:14",
            "admin": "xiangyi",
            "role": "agent",
            "product": "相一古风ai版",
            "price": 298.0,
            "count": 1,
            "revenue": 298.0
        },
        {
            "time": "2025-08-28 20:03:01",
            "admin": "xiangyi",
            "role": "agent",
            "product": "相一古风ai版",
            "price": 298.0,
            "count": 1,
            "revenue": 298.0
        },
        {
            "time": "2025-08-28 20:40:05",
            "admin": "xiangyi",
            "role": "agent",
            "product": "相一古风ai版",
            "price": 298.0,
            "count": 1,
            "revenue": 298.0
        },
        {
            "time": "2025-08-28 21:58:16",
            "admin": "horsray",
            "role": "admin",
            "product": "绘影AI摄影",
            "price": 199.0,
            "count": 1,
            "revenue": 199.0
        },
        {
            "time": "2025-08-28 22:19:15",
            "admin": "xiangyi",
            "role": "agent",
            "product": "相一古风ai版",
            "price": 298.0,
            "count": 1,
            "revenue": 298.0
        },
        {
            "time": "2025-08-28 22:20:24",
            "admin": "xiangyi",
            "role": "agent",
            "product": "相一古风ai版",
            "price": 298.0,
            "count": 1,
            "revenue": 298.0
        },
        {
            "time": "2025-08-28 22:20:55",
            "admin": "xiangyi",
            "role": "agent",
            "product": "相一古风ai版",
            "price": 298.0,
            "count": 1,
            "revenue": 298.0
        },
        {
            "time": "2025-08-28 22:22:03",
            "admin": "xiangyi",
            "role": "agent",
            "product": "相一古风ai版",
            "price": 298.0,
            "count": 1,
            "revenue": 298.0
        },
        {
            "time": "2025-08-28 22:55:57",
            "admin": "horsray",
            "role": "admin",
            "product": "绘影AI摄影",
            "price": 149.0,
            "count": 1,
            "revenue": 149.0
        },
        {
            "time": "2025-08-29 11:51:41",
            "admin": "bukeshuo",
            "role": "agent",
            "product": "绘影AI摄影",
            "price": 129.0,
            "count": 1,
            "revenue": 129.0
        },
        {
            "time": "2025-08-29 12:07:57",
            "admin": "xiangyi",
            "role": "agent",
            "product": "相一古风ai版",
            "price": 298.0,
            "count": 1,
            "revenue": 298.0
        },
        {
            "time": "2025-08-29 12:23:35",
            "admin": "xiangyi",
            "role": "agent",
            "product": "相一古风ai版",
            "price": 298.0,
            "count": 1,
            "revenue": 298.0
        },
        {
            "time": "2025-08-29 13:26:13",
            "admin": "xiangyi",
            "role": "agent",
            "product": "相一古风ai版",
            "price": 298.0,
            "count": 1,
            "revenue": 298.0
        },
        {
            "time": "2025-08-29 13:26:21",
            "admin": "xiangyi",
            "role": "agent",
            "product": "相一古风ai版",
            "price": 298.0,
            "count": 1,
            "revenue": 298.0
        },
        {
            "time": "2025-08-29 14:18:01",
            "admin": "xiangyi",
            "role": "agent",
            "product": "相一古风ai版",
            "price": 298.0,
            "count": 1,
            "revenue": 298.0
        },
        {
            "time": "2025-08-29 15:27:16",
            "admin": "xiangyi",
            "role": "agent",
            "product": "相一古风ai版",
            "price": 298.0,
            "count": 1,
            "revenue": 298.0
        },
        {
            "time": "2025-08-29 16:09:52",
            "admin": "horsray",
            "agent": "peidong",
            "role": "admin",
            "product": "绘影AI摄影",
            "price": 298.0,
            "count": 1,
            "revenue": 298.0
        },
        {
            "time": "2025-08-29 16:10:49",
            "admin": "peidong",
            "role": "agent",
            "product": "绘影AI摄影",
            "price": 298.0,
            "count": 1,
            "revenue": 298.0
        },
        {
            "time": "2025-08-29 16:39:16",
            "admin": "xiangyi",
            "role": "agent",
            "product": "相一古风ai版",
            "price": 298.0,
            "count": 1,
            "revenue": 298.0
        },
        {
            "time": "2025-08-29 16:58:57",
            "admin": "xiangyi",
            "role": "agent",
            "product": "相一古风ai版",
            "price": 298.0,
            "count": 1,
            "revenue": 298.0
        },
        {
            "time": "2025-08-29 17:06:08",
            "admin": "xiangyi",
            "role": "agent",
            "product": "相一古风ai版",
            "price": 298.0,
            "count": 1,
            "revenue": 298.0
        },
        {
            "time": "2025-08-29 17:14:35",
            "admin": "xiangyi",
            "role": "agent",
            "product": "相一古风ai版",
            "price": 298.0,
            "count": 1,
            "revenue": 298.0
        },
        {
            "time": "2025-08-29 17:44:27",
            "admin": "horsray",
            "role": "admin",
            "product": "绘影AI摄影",
            "price": 0.0,
            "count": 1,
            "revenue": 0.0
        },
        {
            "time": "2025-08-29 18:14:45",
            "admin": "xiangyi",
            "role": "agent",
            "product": "相一古风ai版",
            "price": 298.0,
            "count": 1,
            "revenue": 298.0
        },
        {
            "time": "2025-08-29 18:35:01",
            "admin": "xiangyi",
            "role": "agent",
            "product": "相一古风ai版",
            "price": 298.0,
            "count": 1,
            "revenue": 298.0
        },
        {
            "time": "2025-08-29 18:57:55",
            "admin": "xiangyi",
            "role": "agent",
            "product": "相一古风ai版",
            "price": 298.0,
            "count": 1,
            "revenue": 298.0
        },
        {
            "time": "2025-08-29 23:00:38",
            "admin": "xiangyi",
            "role": "agent",
            "product": "相一古风ai版",
            "price": 298.0,
            "count": 1,
            "revenue": 298.0
        },
        {
            "time": "2025-08-30 09:08:38",
            "admin": "xiangyi",
            "role": "agent",
            "product": "相一古风ai版",
            "price": 298.0,
            "count": 1,
            "revenue": 298.0
        },
        {
            "time": "2025-08-30 10:29:58",
            "admin": "xiangyi",
            "role": "agent",
            "product": "相一古风ai版",
            "price": 298.0,
            "count": 1,
            "revenue": 298.0
        },
        {
            "time": "2025-08-30 11:53:45",
            "admin": "xiangyi",
            "role": "agent",
            "product": "相一古风ai版",
            "price": 298.0,
            "count": 1,
            "revenue": 298.0
        },
        {
            "time": "2025-08-30 12:22:52",
            "admin": "xiangyi",
            "role": "agent",
            "product": "相一古风ai版",
            "price": 298.0,
            "count": 1,
            "revenue": 298.0
        },
        {
            "time": "2025-08-30 12:38:46",
            "admin": "xiangyi",
            "role": "agent",
            "product": "相一古风ai版",
            "price": 298.0,
            "count": 1,
            "revenue": 298.0
        },
        {
            "time": "2025-08-30 12:38:46",
            "admin": "xiangyi",
            "role": "agent",
            "product": "相一古风ai版",
            "price": 298.0,
            "count": 1,
            "revenue": 298.0
        },
        {
            "time": "2025-08-30 12:38:46",
            "admin": "xiangyi",
            "role": "agent",
            "product": "相一古风ai版",
            "price": 298.0,
            "count": 1,
            "revenue": 298.0
        },
        {
            "time": "2025-08-30 12:38:46",
            "admin": "xiangyi",
            "role": "agent",
            "product": "相一古风ai版",
            "price": 298.0,
            "count": 1,
            "revenue": 298.0
        },
        {
            "time": "2025-08-30 12:38:46",
            "admin": "xiangyi",
            "role": "agent",
            "product": "相一古风ai版",
            "price": 298.0,
            "count": 1,
            "revenue": 298.0
        },
        {
            "time": "2025-08-30 12:53:15",
            "admin": "bukeshuo",
            "role": "agent",
            "product": "绘影AI摄影",
            "price": 129.0,
            "count": 1,
            "revenue": 129.0
        },
        {
            "time": "2025-08-30 15:09:59",
            "admin": "xiangyi",
            "role": "agent",
            "product": "相一古风ai版",
            "price": 298.0,
            "count": 1,
            "revenue": 298.0
        },
        {
            "time": "2025-08-30 15:11:12",
            "admin": "xiangyi",
            "role": "agent",
            "product": "相一古风ai版",
            "price": 298.0,
            "count": 1,
            "revenue": 298.0
        },
        {
            "time": "2025-08-30 15:36:37",
            "admin": "xiangyi",
            "role": "agent",
            "product": "相一古风ai版",
            "price": 298.0,
            "count": 1,
            "revenue": 298.0
        },
        {
            "time": "2025-08-30 16:17:53",
            "admin": "xiangyi",
            "role": "agent",
            "product": "相一古风ai版",
            "price": 298.0,
            "count": 1,
            "revenue": 298.0
        },
        {
            "time": "2025-08-30 16:21:23",
            "admin": "xiangyi",
            "role": "agent",
            "product": "相一古风ai版",
            "price": 298.0,
            "count": 1,
            "revenue": 298.0
        },
        {
            "time": "2025-08-30 16:40:31",
            "admin": "xiangyi",
            "role": "agent",
            "product": "相一古风ai版",
            "price": 298.0,
            "count": 1,
            "revenue": 298.0
        },
        {
            "time": "2025-08-30 22:14:34",
            "admin": "xiangyi",
            "role": "agent",
            "product": "相一古风ai版",
            "price": 298.0,
            "count": 1,
            "revenue": 298.0
        },
        {
            "time": "2025-08-30 22:14:44",
            "admin": "xiangyi",
            "role": "agent",
            "product": "相一古风ai版",
            "price": 298.0,
            "count": 1,
            "revenue": 298.0
        },
        {
            "time": "2025-08-30 22:14:46",
            "admin": "xiangyi",
            "role": "agent",
            "product": "相一古风ai版",
            "price": 298.0,
            "count": 1,
            "revenue": 298.0
        },
        {
            "time": "2025-08-30 22:14:47",
            "admin": "xiangyi",
            "role": "agent",
            "product": "相一古风ai版",
            "price": 298.0,
            "count": 1,
            "revenue": 298.0
        },
        {
            "time": "2025-08-30 22:40:47",
            "admin": "xiangyi",
            "role": "agent",
            "product": "相一古风ai版",
            "price": 298.0,
            "count": 1,
            "revenue": 298.0
        },
        {
            "time": "2025-08-30 22:50:37",
            "admin": "xiangyi",
            "role": "agent",
            "product": "相一古风ai版",
            "price": 298.0,
            "count": 1,
            "revenue": 298.0
        },
        {
            "time": "2025-08-30 22:54:30",
            "admin": "xiangyi",
            "role": "agent",
            "product": "相一古风ai版",
            "price": 298.0,
            "count": 1,
            "revenue": 298.0
        },
        {
            "time": "2025-08-30 23:54:09",
            "admin": "xiangyi",
            "role": "agent",
            "product": "相一古风ai版",
            "price": 298.0,
            "count": 1,
            "revenue": 298.0
        },
        {
            "time": "2025-08-30 23:59:01",
            "admin": "xiangyi",
            "role": "agent",
            "product": "相一古风ai版",
            "price": 298.0,
            "count": 1,
            "revenue": 298.0
        },
        {
            "time": "2025-08-31 00:02:06",
            "admin": "xiangyi",
            "role": "agent",
            "product": "相一古风ai版",
            "price": 298.0,
            "count": 1,
            "revenue": 298.0
        },
        {
            "time": "2025-08-31 00:08:53",
            "admin": "horsray",
            "agent": "peidong",
            "role": "admin",
            "product": "绘影AI摄影",
            "price": 298.0,
            "count": 5,
            "revenue": 1490.0
        },
        {
            "time": "2025-08-31 00:15:49",
            "admin": "peidong",
            "role": "agent",
            "product": "绘影AI摄影",
            "price": 298.0,
            "count": 1,
            "revenue": 298.0
        },
        {
            "time": "2025-08-31 10:06:09",
            "admin": "xiangyi",
            "role": "agent",
            "product": "相一古风ai版",
            "price": 298.0,
            "count": 1,
            "revenue": 298.0
        },
        {
            "time": "2025-08-31 10:06:09",
            "admin": "xiangyi",
            "role": "agent",
            "product": "相一古风ai版",
            "price": 298.0,
            "count": 1,
            "revenue": 298.0
        },
        {
            "time": "2025-08-31 10:06:09",
            "admin": "xiangyi",
            "role": "agent",
            "product": "相一古风ai版",
            "price": 298.0,
            "count": 1,
            "revenue": 298.0
        },
        {
            "time": "2025-08-31 10:06:09",
            "admin": "xiangyi",
            "role": "agent",
            "product": "相一古风ai版",
            "price": 298.0,
            "count": 1,
            "revenue": 298.0
        },
        {
            "time": "2025-08-31 10:11:55",
            "admin": "xiangyi",
            "role": "agent",
            "product": "相一古风ai版",
            "price": 298.0,
            "count": 1,
            "revenue": 298.0
        },
        {
            "time": "2025-08-31 10:51:29",
            "admin": "xiangyi",
            "role": "agent",
            "product": "相一古风ai版",
            "price": 298.0,
            "count": 1,
            "revenue": 298.0
        },
        {
            "time": "2025-08-31 11:26:47",
            "admin": "xiangyi",
            "role": "agent",
            "product": "相一古风ai版",
            "price": 298.0,
            "count": 1,
            "revenue": 298.0
        },
        {
            "time": "2025-08-31 12:20:07",
            "admin": "xiangyi",
            "role": "agent",
            "product": "相一古风ai版",
            "price": 298.0,
            "count": 1,
            "revenue": 298.0
        },
        {
            "time": "2025-08-31 12:31:48",
            "admin": "xiangyi",
            "role": "agent",
            "product": "相一古风ai版",
            "price": 298.0,
            "count": 1,
            "revenue": 298.0
        },
        {
            "time": "2025-08-31 12:41:49",
            "admin": "xiangyi",
            "role": "agent",
            "product": "相一古风ai版",
            "price": 298.0,
            "count": 1,
            "revenue": 298.0
        },
        {
            "time": "2025-08-31 14:48:08",
            "admin": "horsray",
            "role": "admin",
            "product": "绘影AI摄影",
            "price": 0.0,
            "count": 1,
            "revenue": 0.0
        },
        {
            "time": "2025-08-31 15:15:41",
            "admin": "xiangyi",
            "role": "agent",
            "product": "相一古风ai版",
            "price": 298.0,
            "count": 1,
            "revenue": 298.0
        },
        {
            "time": "2025-08-31 15:26:35",
            "admin": "xiangyi",
            "role": "agent",
            "product": "相一古风ai版",
            "price": 298.0,
            "count": 1,
            "revenue": 298.0
        },
        {
            "time": "2025-08-31 15:28:35",
            "admin": "xiangyi",
            "role": "agent",
            "product": "相一古风ai版",
            "price": 298.0,
            "count": 1,
            "revenue": 298.0
        },
        {
            "time": "2025-08-31 15:52:14",
            "admin": "xiangyi",
            "role": "agent",
            "product": "相一古风ai版",
            "price": 298.0,
            "count": 1,
            "revenue": 298.0
        },
        {
            "time": "2025-08-31 16:18:22",
            "admin": "xiangyi",
            "role": "agent",
            "product": "相一古风ai版",
            "price": 298.0,
            "count": 1,
            "revenue": 298.0
        },
        {
            "time": "2025-08-31 16:43:12",
            "admin": "xiangyi",
            "role": "agent",
            "product": "相一古风ai版",
            "price": 298.0,
            "count": 1,
            "revenue": 298.0
        },
        {
            "time": "2025-08-31 16:45:44",
            "admin": "xiangyi",
            "role": "agent",
            "product": "相一古风ai版",
            "price": 298.0,
            "count": 1,
            "revenue": 298.0
        },
        {
            "time": "2025-08-31 16:48:01",
            "admin": "xiangyi",
            "role": "agent",
            "product": "相一古风ai版",
            "price": 298.0,
            "count": 1,
            "revenue": 298.0
        },
        {
            "time": "2025-08-31 18:21:59",
            "admin": "xiangyi",
            "role": "agent",
            "product": "相一古风ai版",
            "price": 298.0,
            "count": 1,
            "revenue": 298.0
        },
        {
            "time": "2025-08-31 19:30:57",
            "admin": "xiangyi",
            "role": "agent",
            "product": "相一古风ai版",
            "price": 298.0,
            "count": 1,
            "revenue": 298.0
        },
        {
            "time": "2025-08-31 19:40:07",
            "admin": "bukeshuo",
            "role": "agent",
            "product": "绘影AI摄影",
            "price": 129.0,
            "count": 1,
            "revenue": 129.0
        },
        {
            "time": "2025-08-31 21:10:22",
            "admin": "xiangyi",
            "role": "agent",
            "product": "相一古风ai版",
            "price": 298.0,
            "count": 1,
            "revenue": 298.0
        },
        {
            "time": "2025-08-31 21:14:06",
            "admin": "xiangyi",
            "role": "agent",
            "product": "相一古风ai版",
            "price": 298.0,
            "count": 1,
            "revenue": 298.0
        },
        {
            "time": "2025-08-31 21:59:44",
            "admin": "xiangyi",
            "role": "agent",
            "product": "相一古风ai版",
            "price": 298.0,
            "count": 1,
            "revenue": 298.0
        },
        {
            "time": "2025-09-01 05:23:23",
            "admin": "xiangyi",
            "role": "agent",
            "product": "相一古风ai版",
            "price": 298.0,
            "count": 1,
            "revenue": 298.0
        },
        {
            "time": "2025-09-01 05:27:57",
            "admin": "xiangyi",
            "role": "agent",
            "product": "相一古风ai版",
            "price": 298.0,
            "count": 1,
            "revenue": 298.0
        },
        {
            "time": "2025-09-01 05:29:09",
            "admin": "xiangyi",
            "role": "agent",
            "product": "相一古风ai版",
            "price": 298.0,
            "count": 1,
            "revenue": 298.0
        },
        {
            "time": "2025-09-01 09:12:21",
            "admin": "xiangyi",
            "role": "agent",
            "product": "相一古风ai版",
            "price": 298.0,
            "count": 1,
            "revenue": 298.0
        },
        {
            "time": "2025-09-01 10:26:09",
            "admin": "xiangyi",
            "role": "agent",
            "product": "相一古风ai版",
            "price": 298.0,
            "count": 1,
            "revenue": 298.0
        },
        {
            "time": "2025-09-01 10:55:10",
            "admin": "xiangyi",
            "role": "agent",
            "product": "相一古风ai版",
            "price": 298.0,
            "count": 1,
            "revenue": 298.0
        },
        {
            "time": "2025-09-01 10:56:31",
            "admin": "xiangyi",
            "role": "agent",
            "product": "相一古风ai版",
            "price": 298.0,
            "count": 1,
            "revenue": 298.0
        },
        {
            "time": "2025-09-01 12:26:30",
            "admin": "bukeshuo",
            "role": "agent",
            "product": "绘影AI摄影",
            "price": 129.0,
            "count": 1,
            "revenue": 129.0
        },
        {
            "time": "2025-09-01 12:37:08",
            "admin": "xiangyi",
            "role": "agent",
            "product": "相一古风ai版",
            "price": 298.0,
            "count": 1,
            "revenue": 298.0
        },
        {
            "time": "2025-09-01 12:37:27",
            "admin": "xiangyi",
            "role": "agent",
            "product": "相一古风ai版",
            "price": 298.0,
            "count": 1,
            "revenue": 298.0
        },
        {
            "time": "2025-09-01 12:38:04",
            "admin": "xiangyi",
            "role": "agent",
            "product": "相一古风ai版",
            "price": 298.0,
            "count": 1,
            "revenue": 298.0
        },
        {
            "time": "2025-09-01 12:41:35",
            "admin": "xiangyi",
            "role": "agent",
            "product": "相一古风ai版",
            "price": 298.0,
            "count": 1,
            "revenue": 298.0
        },
        {
            "time": "2025-09-01 12:50:54",
            "admin": "horsray",
            "agent": "xiangyi",
            "role": "admin",
            "product": "相一古风ai版",
            "price": 298.0,
            "count": 100,
            "revenue": 29800.0
        },
        {
            "time": "2025-09-01 13:16:25",
            "admin": "xiangyi",
            "role": "agent",
            "product": "相一古风ai版",
            "price": 298.0,
            "count": 1,
            "revenue": 298.0
        },
        {
            "time": "2025-09-01 14:23:05",
            "admin": "xiangyi",
            "role": "agent",
            "product": "相一古风ai版",
            "price": 298.0,
            "count": 1,
            "revenue": 298.0
        },
        {
            "time": "2025-09-01 14:49:54",
            "admin": "xiangyi",
            "role": "agent",
            "product": "相一古风ai版",
            "price": 298.0,
            "count": 1,
            "revenue": 298.0
        },
        {
            "time": "2025-09-01 15:41:02",
            "admin": "horsray",
            "agent": "huiyinga6c2d",
            "role": "admin",
            "product": "绘影AI摄影",
            "price": 298.0,
            "count": 10,
            "revenue": 2980.0
        },
        {
            "time": "2025-09-01 15:42:23",
            "admin": "huiyinga6c2d",
            "role": "agent",
            "product": "绘影AI摄影",
            "price": 298.0,
            "count": 1,
            "revenue": 298.0
        },
        {
            "time": "2025-09-01 15:53:19",
            "admin": "horsray",
            "agent": "15289377772",
            "role": "admin",
            "product": "绘影AI摄影",
            "price": 298.0,
            "count": 10,
            "revenue": 2980.0
        },
        {
            "time": "2025-09-01 16:00:35",
            "admin": "15289377772",
            "role": "agent",
            "product": "绘影AI摄影",
            "price": 298.0,
            "count": 1,
            "revenue": 298.0
        },
        {
            "time": "2025-09-01 16:10:35",
            "admin": "15289377772",
            "role": "agent",
            "product": "绘影AI摄影",
            "price": 298.0,
            "count": 1,
            "revenue": 298.0
        },
        {
            "time": "2025-09-01 21:45:47",
            "admin": "xiangyi",
            "role": "agent",
            "product": "相一古风ai版",
            "price": 298.0,
            "count": 1,
            "revenue": 298.0
        },
        {
            "time": "2025-09-01 21:47:24",
            "admin": "xiangyi",
            "role": "agent",
            "product": "相一古风ai版",
            "price": 298.0,
            "count": 1,
            "revenue": 298.0
        },
        {
            "time": "2025-09-01 21:49:08",
            "admin": "xiangyi",
            "role": "agent",
            "product": "相一古风ai版",
            "price": 298.0,
            "count": 1,
            "revenue": 298.0
        },
        {
            "time": "2025-09-01 21:52:26",
            "admin": "xiangyi",
            "role": "agent",
            "product": "相一古风ai版",
            "price": 298.0,
            "count": 1,
            "revenue": 298.0
        },
        {
            "time": "2025-09-01 21:52:36",
            "admin": "xiangyi",
            "role": "agent",
            "product": "相一古风ai版",
            "price": 298.0,
            "count": 1,
            "revenue": 298.0
        },
        {
            "time": "2025-09-01 21:52:54",
            "admin": "xiangyi",
            "role": "agent",
            "product": "相一古风ai版",
            "price": 298.0,
            "count": 1,
            "revenue": 298.0
        },
        {
            "time": "2025-09-01 21:53:13",
            "admin": "xiangyi",
            "role": "agent",
            "product": "相一古风ai版",
            "price": 298.0,
            "count": 1,
            "revenue": 298.0
        },
        {
            "time": "2025-09-01 21:53:27",
            "admin": "xiangyi",
            "role": "agent",
            "product": "相一古风ai版",
            "price": 298.0,
            "count": 1,
            "revenue": 298.0
        },
        {
            "time": "2025-09-01 21:54:25",
            "admin": "xiangyi",
            "role": "agent",
            "product": "相一古风ai版",
            "price": 298.0,
            "count": 1,
            "revenue": 298.0
        },
        {
            "time": "2025-09-01 22:13:11",
            "admin": "xiangyi",
            "role": "agent",
            "product": "相一古风ai版",
            "price": 298.0,
            "count": 1,
            "revenue": 298.0
        },
        {
            "time": "2025-09-01 23:02:25",
            "admin": "xiangyi",
            "role": "agent",
            "product": "相一古风ai版",
            "price": 298.0,
            "count": 1,
            "revenue": 298.0
        },
        {
            "time": "2025-09-01 23:14:57",
            "admin": "xiangyi",
            "role": "agent",
            "product": "相一古风ai版",
            "price": 298.0,
            "count": 1,
            "revenue": 298.0
        },
        {
            "time": "2025-09-01 23:42:21",
            "admin": "xiangyi",
            "role": "agent",
            "product": "相一古风ai版",
            "price": 298.0,
            "count": 1,
            "revenue": 298.0
        },
        {
            "time": "2025-09-02 08:31:23",
            "admin": "xiangyi",
            "role": "agent",
            "product": "相一古风ai版",
            "price": 298.0,
            "count": 1,
            "revenue": 298.0
        },
        {
            "time": "2025-09-02 08:32:40",
            "admin": "xiangyi",
            "role": "agent",
            "product": "相一古风ai版",
            "price": 298.0,
            "count": 1,
            "revenue": 298.0
        },
        {
            "time": "2025-09-02 09:40:01",
            "admin": "xiangyi",
            "role": "agent",
            "product": "相一古风ai版",
            "price": 298.0,
            "count": 1,
            "revenue": 298.0
        },
        {
            "time": "2025-09-02 14:37:53",
            "admin": "xiangyi",
            "role": "agent",
            "product": "相一古风ai版",
            "price": 298.0,
            "count": 1,
            "revenue": 298.0
        },
        {
            "time": "2025-09-02 15:08:03",
            "admin": "xiangyi",
            "role": "agent",
            "product": "相一古风ai版",
            "price": 298.0,
            "count": 1,
            "revenue": 298.0
        },
        {
            "time": "2025-09-02 15:13:01",
            "admin": "xiangyi",
            "role": "agent",
            "product": "相一古风ai版",
            "price": 298.0,
            "count": 1,
            "revenue": 298.0
        },
        {
            "time": "2025-09-02 15:26:13",
            "admin": "peidong",
            "role": "agent",
            "product": "绘影AI摄影",
            "price": 298.0,
            "count": 1,
            "revenue": 298.0
        },
        {
            "time": "2025-09-02 17:34:12",
            "admin": "horsray",
            "role": "admin",
            "product": "绘影AI摄影",
            "price": 0.0,
            "count": 1,
            "revenue": 0.0
        },
        {
            "time": "2025-09-02 18:31:33",
            "admin": "peidong",
            "role": "agent",
            "product": "绘影AI摄影",
            "price": 298.0,
            "count": 1,
            "revenue": 298.0
        },
        {
            "time": "2025-09-02 19:40:11",
            "admin": "xiangyi",
            "role": "agent",
            "product": "相一古风ai版",
            "price": 298.0,
            "count": 1,
            "revenue": 298.0
        },
        {
            "time": "2025-09-02 19:45:33",
            "admin": "xiangyi",
            "role": "agent",
            "product": "相一古风ai版",
            "price": 298.0,
            "count": 1,
            "revenue": 298.0
        },
        {
            "time": "2025-09-02 19:48:04",
            "admin": "xiangyi",
            "role": "agent",
            "product": "相一古风ai版",
            "price": 298.0,
            "count": 1,
            "revenue": 298.0
        },
        {
            "time": "2025-09-02 19:50:40",
            "admin": "xiangyi",
            "role": "agent",
            "product": "相一古风ai版",
            "price": 298.0,
            "count": 1,
            "revenue": 298.0
        },
        {
            "time": "2025-09-02 19:51:19",
            "admin": "xiangyi",
            "role": "agent",
            "product": "相一古风ai版",
            "price": 298.0,
            "count": 1,
            "revenue": 298.0
        },
        {
            "time": "2025-09-02 19:51:50",
            "admin": "xiangyi",
            "role": "agent",
            "product": "相一古风ai版",
            "price": 298.0,
            "count": 1,
            "revenue": 298.0
        },
        {
            "time": "2025-09-02 19:52:26",
            "admin": "xiangyi",
            "role": "agent",
            "product": "相一古风ai版",
            "price": 298.0,
            "count": 1,
            "revenue": 298.0
        },
        {
            "time": "2025-09-02 20:15:53",
            "admin": "xiangyi",
            "role": "agent",
            "product": "相一古风ai版",
            "price": 298.0,
            "count": 1,
            "revenue": 298.0
        },
        {
            "time": "2025-09-02 20:56:20",
            "admin": "xiangyi",
            "role": "agent",
            "product": "相一古风ai版",
            "price": 298.0,
            "count": 1,
            "revenue": 298.0
        },
        {
            "time": "2025-09-03 03:10:54",
            "admin": "horsray",
            "role": "admin",
            "product": "绘影AI摄影",
            "price": 0.0,
            "count": 1,
            "revenue": 0.0
        },
        {
            "time": "2025-09-03 08:00:42",
            "admin": "xiangyi",
            "role": "agent",
            "product": "相一古风ai版",
            "price": 298.0,
            "count": 1,
            "revenue": 298.0
        },
        {
            "time": "2025-09-03 11:31:30",
            "admin": "yiyang",
            "role": "agent",
            "product": "绘影AI摄影",
            "price": 298.0,
            "count": 1,
            "revenue": 298.0
        },
        {
            "time": "2025-09-03 11:31:32",
            "admin": "yiyang",
            "role": "agent",
            "product": "绘影AI摄影",
            "price": 298.0,
            "count": 1,
            "revenue": 298.0
        },
        {
            "time": "2025-09-03 13:54:00",
            "admin": "xiangyi",
            "role": "agent",
            "product": "相一古风ai版",
            "price": 298.0,
            "count": 1,
            "revenue": 298.0
        },
        {
            "time": "2025-09-03 14:34:33",
            "admin": "xiangyi",
            "role": "agent",
            "product": "相一古风ai版",
            "price": 298.0,
            "count": 1,
            "revenue": 298.0
        },
        {
            "time": "2025-09-03 15:08:02",
            "admin": "xiangyi",
            "role": "agent",
            "product": "相一古风ai版",
            "price": 298.0,
            "count": 1,
            "revenue": 298.0
        },
        {
            "time": "2025-09-03 16:35:48",
            "admin": "xiangyi",
            "role": "agent",
            "product": "相一古风ai版",
            "price": 298.0,
            "count": 1,
            "revenue": 298.0
        },
        {
            "time": "2025-09-03 16:37:03",
            "admin": "xiangyi",
            "role": "agent",
            "product": "相一古风ai版",
            "price": 298.0,
            "count": 1,
            "revenue": 298.0
        },
        {
            "time": "2025-09-03 16:37:32",
            "admin": "xiangyi",
            "role": "agent",
            "product": "相一古风ai版",
            "price": 298.0,
            "count": 1,
            "revenue": 298.0
        },
        {
            "time": "2025-09-03 16:39:21",
            "admin": "xiangyi",
            "role": "agent",
            "product": "相一古风ai版",
            "price": 298.0,
            "count": 1,
            "revenue": 298.0
        },
        {
            "time": "2025-09-03 16:40:14",
            "admin": "xiangyi",
            "role": "agent",
            "product": "相一古风ai版",
            "price": 298.0,
            "count": 1,
            "revenue": 298.0
        },
        {
            "time": "2025-09-03 17:07:44",
            "admin": "xiangyi",
            "role": "agent",
            "product": "相一古风ai版",
            "price": 298.0,
            "count": 1,
            "revenue": 298.0
        },
        {
            "time": "2025-09-03 17:36:47",
            "admin": "xiangyi",
            "role": "agent",
            "product": "相一古风ai版",
            "price": 298.0,
            "count": 1,
            "revenue": 298.0
        },
        {
            "time": "2025-09-03 20:14:56",
            "admin": "xiangyi",
            "role": "agent",
            "product": "相一古风ai版",
            "price": 298.0,
            "count": 1,
            "revenue": 298.0
        },
        {
            "time": "2025-09-03 20:45:00",
            "admin": "xiangyi",
            "role": "agent",
            "product": "相一古风ai版",
            "price": 298.0,
            "count": 1,
            "revenue": 298.0
        },
        {
            "time": "2025-09-03 20:54:53",
            "admin": "xiangyi",
            "role": "agent",
            "product": "相一古风ai版",
            "price": 298.0,
            "count": 1,
            "revenue": 298.0
        },
        {
            "time": "2025-09-03 23:58:07",
            "admin": "xiangyi",
            "role": "agent",
            "product": "相一古风ai版",
            "price": 298.0,
            "count": 1,
            "revenue": 298.0
        },
        {
            "time": "2025-09-04 10:45:26",
            "admin": "xiangyi",
            "role": "agent",
            "product": "相一古风ai版",
            "price": 298.0,
            "count": 1,
            "revenue": 298.0
        },
        {
            "time": "2025-09-04 10:47:02",
            "admin": "xiangyi",
            "role": "agent",
            "product": "相一古风ai版",
            "price": 298.0,
            "count": 1,
            "revenue": 298.0
        },
        {
            "time": "2025-09-04 10:47:54",
            "admin": "xiangyi",
            "role": "agent",
            "product": "相一古风ai版",
            "price": 298.0,
            "count": 1,
            "revenue": 298.0
        },
        {
            "time": "2025-09-04 10:48:36",
            "admin": "xiangyi",
            "role": "agent",
            "product": "相一古风ai版",
            "price": 298.0,
            "count": 1,
            "revenue": 298.0
        },
        {
            "time": "2025-09-04 11:04:43",
            "admin": "xiangyi",
            "role": "agent",
            "product": "相一古风ai版",
            "price": 298.0,
            "count": 1,
            "revenue": 298.0
        },
        {
            "time": "2025-09-04 12:00:29",
            "admin": "xiangyi",
            "role": "agent",
            "product": "相一古风ai版",
            "price": 298.0,
            "count": 1,
            "revenue": 298.0
        },
        {
            "time": "2025-09-04 13:04:13",
            "admin": "xiangyi",
            "role": "agent",
            "product": "相一古风ai版",
            "price": 298.0,
            "count": 1,
            "revenue": 298.0
        },
        {
            "time": "2025-09-04 13:29:22",
            "admin": "xiangyi",
            "role": "agent",
            "product": "相一古风ai版",
            "price": 298.0,
            "count": 1,
            "revenue": 298.0
        },
        {
            "time": "2025-09-04 14:33:59",
            "admin": "xiangyi",
            "role": "agent",
            "product": "相一古风ai版",
            "price": 298.0,
            "count": 1,
            "revenue": 298.0
        },
        {
            "time": "2025-09-04 14:35:47",
            "admin": "xiangyi",
            "role": "agent",
            "product": "相一古风ai版",
            "price": 298.0,
            "count": 1,
            "revenue": 298.0
        },
        {
            "time": "2025-09-04 15:41:46",
            "admin": "xiangyi",
            "role": "agent",
            "product": "相一古风ai版",
            "price": 298.0,
            "count": 1,
            "revenue": 298.0
        },
        {
            "time": "2025-09-04 16:12:01",
            "admin": "xiangyi",
            "role": "agent",
            "product": "相一古风ai版",
            "price": 298.0,
            "count": 1,
            "revenue": 298.0
        },
        {
            "time": "2025-09-04 16:20:00",
            "admin": "peidong",
            "role": "agent",
            "product": "绘影AI摄影",
            "price": 298.0,
            "count": 1,
            "revenue": 298.0
        },
        {
            "time": "2025-09-04 16:20:31",
            "admin": "peidong",
            "role": "agent",
            "product": "绘影AI摄影",
            "price": 298.0,
            "count": 1,
            "revenue": 298.0
        },
        {
            "time": "2025-09-04 17:47:16",
            "admin": "xiangyi",
            "role": "agent",
            "product": "相一古风ai版",
            "price": 298.0,
            "count": 1,
            "revenue": 298.0
        },
        {
            "time": "2025-09-04 19:30:00",
            "admin": "xiangyi",
            "role": "agent",
            "product": "相一古风ai版",
            "price": 298.0,
            "count": 1,
            "revenue": 298.0
        },
        {
            "time": "2025-09-04 19:30:34",
            "admin": "xiangyi",
            "role": "agent",
            "product": "相一古风ai版",
            "price": 298.0,
            "count": 1,
            "revenue": 298.0
        },
        {
            "time": "2025-09-04 19:36:30",
            "admin": "xiangyi",
            "role": "agent",
            "product": "相一古风ai版",
            "price": 298.0,
            "count": 1,
            "revenue": 298.0
        },
        {
            "time": "2025-09-04 19:55:15",
            "admin": "xiangyi",
            "role": "agent",
            "product": "相一古风ai版",
            "price": 298.0,
            "count": 1,
            "revenue": 298.0
        },
        {
            "time": "2025-09-04 21:10:54",
            "admin": "xiangyi",
            "role": "agent",
            "product": "相一古风ai版",
            "price": 298.0,
            "count": 1,
            "revenue": 298.0
        },
        {
            "time": "2025-09-04 22:04:14",
            "admin": "xiangyi",
            "role": "agent",
            "product": "相一古风ai版",
            "price": 298.0,
            "count": 1,
            "revenue": 298.0
        },
        {
            "time": "2025-09-05 10:27:36",
            "admin": "xiangyi",
            "role": "agent",
            "product": "相一古风ai版",
            "price": 298.0,
            "count": 1,
            "revenue": 298.0
        },
        {
            "time": "2025-09-05 10:28:32",
            "admin": "xiangyi",
            "role": "agent",
            "product": "相一古风ai版",
            "price": 298.0,
            "count": 1,
            "revenue": 298.0
        },
        {
            "time": "2025-09-05 10:29:11",
            "admin": "xiangyi",
            "role": "agent",
            "product": "相一古风ai版",
            "price": 298.0,
            "count": 1,
            "revenue": 298.0
        },
        {
            "time": "2025-09-05 11:04:40",
            "admin": "xiangyi",
            "role": "agent",
            "product": "相一古风ai版",
            "price": 298.0,
            "count": 1,
            "revenue": 298.0
        },
        {
            "time": "2025-09-05 11:11:44",
            "admin": "xiangyi",
            "role": "agent",
            "product": "相一古风ai版",
            "price": 298.0,
            "count": 1,
            "revenue": 298.0
        },
        {
            "time": "2025-09-05 11:44:22",
            "admin": "xiangyi",
            "role": "agent",
            "product": "相一古风ai版",
            "price": 298.0,
            "count": 1,
            "revenue": 298.0
        },
        {
            "time": "2025-09-05 11:46:31",
            "admin": "xiangyi",
            "role": "agent",
            "product": "相一古风ai版",
            "price": 298.0,
            "count": 1,
            "revenue": 298.0
        },
        {
            "time": "2025-09-05 14:20:25",
            "admin": "xiangyi",
            "role": "agent",
            "product": "相一古风ai版",
            "price": 298.0,
            "count": 1,
            "revenue": 298.0
        },
        {
            "time": "2025-09-05 14:58:05",
            "admin": "xiangyi",
            "role": "agent",
            "product": "相一古风ai版",
            "price": 298.0,
            "count": 1,
            "revenue": 298.0
        },
        {
            "time": "2025-09-05 15:11:15",
            "admin": "xiangyi",
            "role": "agent",
            "product": "相一古风ai版",
            "price": 298.0,
            "count": 1,
            "revenue": 298.0
        },
        {
            "time": "2025-09-05 15:54:32",
            "admin": "xiangyi",
            "role": "agent",
            "product": "相一古风ai版",
            "price": 298.0,
            "count": 1,
            "revenue": 298.0
        },
        {
            "time": "2025-09-05 16:04:39",
            "admin": "xiangyi",
            "role": "agent",
            "product": "相一古风ai版",
            "price": 298.0,
            "count": 1,
            "revenue": 298.0
        },
        {
            "time": "2025-09-05 16:10:55",
            "admin": "xiangyi",
            "role": "agent",
            "product": "相一古风ai版",
            "price": 298.0,
            "count": 1,
            "revenue": 298.0
        },
        {
            "time": "2025-09-05 16:12:47",
            "admin": "xiangyi",
            "role": "agent",
            "product": "相一古风ai版",
            "price": 298.0,
            "count": 1,
            "revenue": 298.0
        },
        {
            "time": "2025-09-05 17:32:35",
            "admin": "xiangyi",
            "role": "agent",
            "product": "相一古风ai版",
            "price": 298.0,
            "count": 1,
            "revenue": 298.0
        },
        {
            "time": "2025-09-05 19:56:08",
            "admin": "xiangyi",
            "role": "agent",
            "product": "相一古风ai版",
            "price": 298.0,
            "count": 1,
            "revenue": 298.0
        },
        {
            "time": "2025-09-05 20:20:58",
            "admin": "xiangyi",
            "role": "agent",
            "product": "相一古风ai版",
            "price": 298.0,
            "count": 1,
            "revenue": 298.0
        },
        {
            "time": "2025-09-05 20:51:15",
            "admin": "xiangyi",
            "role": "agent",
            "product": "相一古风ai版",
            "price": 298.0,
            "count": 1,
            "revenue": 298.0
        },
        {
            "time": "2025-09-05 20:51:53",
            "admin": "xiangyi",
            "role": "agent",
            "product": "相一古风ai版",
            "price": 298.0,
            "count": 1,
            "revenue": 298.0
        },
        {
            "time": "2025-09-05 21:24:45",
            "admin": "xiangyi",
            "role": "agent",
            "product": "相一古风ai版",
            "price": 298.0,
            "count": 1,
            "revenue": 298.0
        },
        {
            "time": "2025-09-05 21:28:11",
            "admin": "xiangyi",
            "role": "agent",
            "product": "相一古风ai版",
            "price": 298.0,
            "count": 1,
            "revenue": 298.0
        },
        {
            "time": "2025-09-05 22:11:03",
            "admin": "xiangyi",
            "role": "agent",
            "product": "相一古风ai版",
            "price": 298.0,
            "count": 1,
            "revenue": 298.0
        },
        {
            "time": "2025-09-05 22:16:29",
            "admin": "xiangyi",
            "role": "agent",
            "product": "相一古风ai版",
            "price": 298.0,
            "count": 1,
            "revenue": 298.0
        },
        {
            "time": "2025-09-05 23:17:00",
            "admin": "xiangyi",
            "role": "agent",
            "product": "相一古风ai版",
            "price": 298.0,
            "count": 1,
            "revenue": 298.0
        },
        {
            "time": "2025-09-05 23:29:57",
            "admin": "xiangyi",
            "role": "agent",
            "product": "相一古风ai版",
            "price": 298.0,
            "count": 1,
            "revenue": 298.0
        },
        {
            "time": "2025-09-06 10:23:17",
            "admin": "xiangyi",
            "role": "agent",
            "product": "相一古风ai版",
            "price": 298.0,
            "count": 1,
            "revenue": 298.0
        },
        {
            "time": "2025-09-06 11:08:35",
            "admin": "xiangyi",
            "role": "agent",
            "product": "相一古风ai版",
            "price": 298.0,
            "count": 1,
            "revenue": 298.0
        },
        {
            "time": "2025-09-06 11:37:11",
            "admin": "peidong",
            "role": "agent",
            "product": "绘影AI摄影",
            "price": 298.0,
            "count": 1,
            "revenue": 298.0
        },
        {
            "time": "2025-09-06 12:27:54",
            "admin": "xiangyi",
            "role": "agent",
            "product": "相一古风ai版",
            "price": 298.0,
            "count": 1,
            "revenue": 298.0
        },
        {
            "time": "2025-09-06 12:52:21",
            "admin": "xiangyi",
            "role": "agent",
            "product": "相一古风ai版",
            "price": 298.0,
            "count": 1,
            "revenue": 298.0
        },
        {
            "time": "2025-09-06 13:13:22",
            "admin": "horsray",
            "agent": "peidong",
            "role": "admin",
            "product": "绘影AI摄影",
            "price": 298.0,
            "count": 5,
            "revenue": 1490.0
        },
        {
            "time": "2025-09-06 13:14:11",
            "admin": "horsray",
            "agent": "peidong",
            "role": "admin",
            "product": "绘影AI摄影",
            "price": 298.0,
            "count": 5,
            "revenue": 1490.0
        },
        {
            "time": "2025-09-06 17:04:13",
            "admin": "xiangyi",
            "role": "agent",
            "product": "相一古风ai版",
            "price": 298.0,
            "count": 1,
            "revenue": 298.0
        },
        {
            "time": "2025-09-06 19:39:35",
            "admin": "xiangyi",
            "role": "agent",
            "product": "相一古风ai版",
            "price": 298.0,
            "count": 1,
            "revenue": 298.0
        },
        {
            "time": "2025-09-06 21:19:46",
            "admin": "xiangyi",
            "role": "agent",
            "product": "相一古风ai版",
            "price": 298.0,
            "count": 1,
            "revenue": 298.0
        },
        {
            "time": "2025-09-06 22:51:04",
            "admin": "xiangyi",
            "role": "agent",
            "product": "相一古风ai版",
            "price": 298.0,
            "count": 1,
            "revenue": 298.0
        },
        {
            "time": "2025-09-07 00:00:13",
            "admin": "xiangyi",
            "role": "agent",
            "product": "相一古风ai版",
            "price": 298.0,
            "count": 1,
            "revenue": 298.0
        },
        {
            "time": "2025-09-07 08:06:59",
            "admin": "xiangyi",
            "role": "agent",
            "product": "相一古风ai版",
            "price": 298.0,
            "count": 1,
            "revenue": 298.0
        },
        {
            "time": "2025-09-07 09:37:29",
            "admin": "xiangyi",
            "role": "agent",
            "product": "相一古风ai版",
            "price": 298.0,
            "count": 1,
            "revenue": 298.0
        },
        {
            "time": "2025-09-07 09:39:44",
            "admin": "xiangyi",
            "role": "agent",
            "product": "相一古风ai版",
            "price": 298.0,
            "count": 1,
            "revenue": 298.0
        },
        {
            "time": "2025-09-07 09:45:50",
            "admin": "xiangyi",
            "role": "agent",
            "product": "相一古风ai版",
            "price": 298.0,
            "count": 1,
            "revenue": 298.0
        },
        {
            "time": "2025-09-07 09:45:56",
            "admin": "xiangyi",
            "role": "agent",
            "product": "相一古风ai版",
            "price": 298.0,
            "count": 1,
            "revenue": 298.0
        },
        {
            "time": "2025-09-07 11:53:38",
            "admin": "bukeshuo",
            "role": "agent",
            "product": "绘影AI摄影",
            "price": 129.0,
            "count": 1,
            "revenue": 129.0
        },
        {
            "time": "2025-09-07 12:08:06",
            "admin": "xiangyi",
            "role": "agent",
            "product": "相一古风ai版",
            "price": 298.0,
            "count": 1,
            "revenue": 298.0
        },
        {
            "time": "2025-09-07 19:49:06",
            "admin": "xiangyi",
            "role": "agent",
            "product": "相一古风ai版",
            "price": 298.0,
            "count": 1,
            "revenue": 298.0
        },
        {
            "time": "2025-09-07 21:32:18",
            "admin": "xiangyi",
            "role": "agent",
            "product": "相一古风ai版",
            "price": 298.0,
            "count": 1,
            "revenue": 298.0
        },
        {
            "time": "2025-09-07 22:15:16",
            "admin": "xiangyi",
            "role": "agent",
            "product": "相一古风ai版",
            "price": 298.0,
            "count": 1,
            "revenue": 298.0
        },
        {
            "time": "2025-09-08 00:08:58",
            "admin": "peidong",
            "role": "agent",
            "product": "绘影AI摄影",
            "price": 298.0,
            "count": 1,
            "revenue": 298.0
        },
        {
            "time": "2025-09-08 08:29:24",
            "admin": "xiangyi",
            "role": "agent",
            "product": "相一古风ai版",
            "price": 298.0,
            "count": 1,
            "revenue": 298.0
        },
        {
            "time": "2025-09-08 08:29:57",
            "admin": "peidong",
            "role": "agent",
            "product": "绘影AI摄影",
            "price": 298.0,
            "count": 1,
            "revenue": 298.0
        },
        {
            "time": "2025-09-08 08:45:39",
            "admin": "xiangyi",
            "role": "agent",
            "product": "相一古风ai版",
            "price": 298.0,
            "count": 1,
            "revenue": 298.0
        },
        {
            "time": "2025-09-08 09:52:26",
            "admin": "xiangyi",
            "role": "agent",
            "product": "相一古风ai版",
            "price": 298.0,
            "count": 1,
            "revenue": 298.0
        },
        {
            "time": "2025-09-08 10:17:20",
            "admin": "xiangyi",
            "role": "agent",
            "product": "相一古风ai版",
            "price": 298.0,
            "count": 1,
            "revenue": 298.0
        },
        {
            "time": "2025-09-08 11:45:49",
            "admin": "horsray",
            "agent": "xiangyi",
            "role": "admin",
            "product": "相一古风ai版",
            "price": 298.0,
            "count": 100,
            "revenue": 29800.0
        },
        {
            "time": "2025-09-08 11:48:16",
            "admin": "xiangyi",
            "role": "agent",
            "product": "相一古风ai版",
            "price": 298.0,
            "count": 1,
            "revenue": 298.0
        },
        {
            "time": "2025-09-08 11:55:00",
            "admin": "xiangyi",
            "role": "agent",
            "product": "相一古风ai版",
            "price": 298.0,
            "count": 1,
            "revenue": 298.0
        },
        {
            "time": "2025-09-08 11:55:45",
            "admin": "xiangyi",
            "role": "agent",
            "product": "相一古风ai版",
            "price": 298.0,
            "count": 1,
            "revenue": 298.0
        },
        {
            "time": "2025-09-08 13:51:35",
            "admin": "xiangyi",
            "role": "agent",
            "product": "相一古风ai版",
            "price": 298.0,
            "count": 1,
            "revenue": 298.0
        },
        {
            "time": "2025-09-08 14:58:06",
            "admin": "xiangyi",
            "role": "agent",
            "product": "相一古风ai版",
            "price": 298.0,
            "count": 1,
            "revenue": 298.0
        },
        {
            "time": "2025-09-08 15:29:55",
            "admin": "xiangyi",
            "role": "agent",
            "product": "相一古风ai版",
            "price": 298.0,
            "count": 1,
            "revenue": 298.0
        },
        {
            "time": "2025-09-08 15:31:55",
            "admin": "xiangyi",
            "role": "agent",
            "product": "相一古风ai版",
            "price": 298.0,
            "count": 1,
            "revenue": 298.0
        },
        {
            "time": "2025-09-08 15:49:22",
            "admin": "xiangyi",
            "role": "agent",
            "product": "相一古风ai版",
            "price": 298.0,
            "count": 1,
            "revenue": 298.0
        },
        {
            "time": "2025-09-08 15:52:18",
            "admin": "xiangyi",
            "role": "agent",
            "product": "相一古风ai版",
            "price": 298.0,
            "count": 1,
            "revenue": 298.0
        },
        {
            "time": "2025-09-08 17:30:39",
            "admin": "xiangyi",
            "role": "agent",
            "product": "相一古风ai版",
            "price": 298.0,
            "count": 1,
            "revenue": 298.0
        },
        {
            "time": "2025-09-08 17:34:01",
            "admin": "xiangyi",
            "role": "agent",
            "product": "相一古风ai版",
            "price": 298.0,
            "count": 1,
            "revenue": 298.0
        },
        {
            "time": "2025-09-08 18:36:41",
            "admin": "peidong",
            "role": "agent",
            "product": "绘影AI摄影",
            "price": 298.0,
            "count": 1,
            "revenue": 298.0
        },
        {
            "time": "2025-09-08 18:41:02",
            "admin": "xiangyi",
            "role": "agent",
            "product": "相一古风ai版",
            "price": 298.0,
            "count": 1,
            "revenue": 298.0
        },
        {
            "time": "2025-09-08 18:46:00",
            "admin": "xiangyi",
            "role": "agent",
            "product": "相一古风ai版",
            "price": 298.0,
            "count": 1,
            "revenue": 298.0
        },
        {
            "time": "2025-09-08 18:51:33",
            "admin": "xiangyi",
            "role": "agent",
            "product": "相一古风ai版",
            "price": 298.0,
            "count": 1,
            "revenue": 298.0
        },
        {
            "time": "2025-09-08 18:51:33",
            "admin": "xiangyi",
            "role": "agent",
            "product": "相一古风ai版",
            "price": 298.0,
            "count": 1,
            "revenue": 298.0
        },
        {
            "time": "2025-09-08 18:51:33",
            "admin": "xiangyi",
            "role": "agent",
            "product": "相一古风ai版",
            "price": 298.0,
            "count": 1,
            "revenue": 298.0
        },
        {
            "time": "2025-09-08 18:51:33",
            "admin": "xiangyi",
            "role": "agent",
            "product": "相一古风ai版",
            "price": 298.0,
            "count": 1,
            "revenue": 298.0
        },
        {
            "time": "2025-09-08 18:51:33",
            "admin": "xiangyi",
            "role": "agent",
            "product": "相一古风ai版",
            "price": 298.0,
            "count": 1,
            "revenue": 298.0
        },
        {
            "time": "2025-09-08 18:51:33",
            "admin": "xiangyi",
            "role": "agent",
            "product": "相一古风ai版",
            "price": 298.0,
            "count": 1,
            "revenue": 298.0
        },
        {
            "time": "2025-09-08 18:51:33",
            "admin": "xiangyi",
            "role": "agent",
            "product": "相一古风ai版",
            "price": 298.0,
            "count": 1,
            "revenue": 298.0
        },
        {
            "time": "2025-09-08 18:51:33",
            "admin": "xiangyi",
            "role": "agent",
            "product": "相一古风ai版",
            "price": 298.0,
            "count": 1,
            "revenue": 298.0
        },
        {
            "time": "2025-09-08 18:51:33",
            "admin": "xiangyi",
            "role": "agent",
            "product": "相一古风ai版",
            "price": 298.0,
            "count": 1,
            "revenue": 298.0
        },
        {
            "time": "2025-09-08 18:51:33",
            "admin": "xiangyi",
            "role": "agent",
            "product": "相一古风ai版",
            "price": 298.0,
            "count": 1,
            "revenue": 298.0
        },
        {
            "time": "2025-09-08 19:31:48",
            "admin": "xiangyi",
            "role": "agent",
            "product": "相一古风ai版",
            "price": 298.0,
            "count": 1,
            "revenue": 298.0
        },
        {
            "time": "2025-09-08 19:53:26",
            "admin": "xiangyi",
            "role": "agent",
            "product": "相一古风ai版",
            "price": 298.0,
            "count": 1,
            "revenue": 298.0
        },
        {
            "time": "2025-09-08 20:22:57",
            "admin": "xiangyi",
            "role": "agent",
            "product": "相一古风ai版",
            "price": 298.0,
            "count": 1,
            "revenue": 298.0
        },
        {
            "time": "2025-09-08 20:32:35",
            "admin": "xiangyi",
            "role": "agent",
            "product": "相一古风ai版",
            "price": 298.0,
            "count": 1,
            "revenue": 298.0
        },
        {
            "time": "2025-09-08 21:25:32",
            "admin": "xiangyi",
            "role": "agent",
            "product": "相一古风ai版",
            "price": 298.0,
            "count": 1,
            "revenue": 298.0
        },
        {
            "time": "2025-09-08 21:49:30",
            "admin": "xiangyi",
            "role": "agent",
            "product": "相一古风ai版",
            "price": 298.0,
            "count": 1,
            "revenue": 298.0
        },
        {
            "time": "2025-09-08 22:43:34",
            "admin": "xiangyi",
            "role": "agent",
            "product": "相一古风ai版",
            "price": 298.0,
            "count": 1,
            "revenue": 298.0
        },
        {
            "time": "2025-09-08 22:49:20",
            "admin": "xiangyi",
            "role": "agent",
            "product": "相一古风ai版",
            "price": 298.0,
            "count": 1,
            "revenue": 298.0
        },
        {
            "time": "2025-09-09 06:00:43",
            "admin": "xiangyi",
            "role": "agent",
            "product": "相一古风ai版",
            "price": 298.0,
            "count": 1,
            "revenue": 298.0
        },
        {
            "time": "2025-09-09 09:12:46",
            "admin": "xiangyi",
            "role": "agent",
            "product": "相一古风ai版",
            "price": 298.0,
            "count": 1,
            "revenue": 298.0
        },
        {
            "time": "2025-09-09 10:08:22",
            "admin": "xiangyi",
            "role": "agent",
            "product": "相一古风ai版",
            "price": 298.0,
            "count": 1,
            "revenue": 298.0
        },
        {
            "time": "2025-09-09 10:40:28",
            "admin": "xiangyi",
            "role": "agent",
            "product": "相一古风ai版",
            "price": 298.0,
            "count": 1,
            "revenue": 298.0
        },
        {
            "time": "2025-09-09 11:06:31",
            "admin": "15289377772",
            "role": "agent",
            "product": "绘影AI摄影",
            "price": 298.0,
            "count": 1,
            "revenue": 298.0
        },
        {
            "time": "2025-09-09 11:17:16",
            "admin": "xiangyi",
            "role": "agent",
            "product": "相一古风ai版",
            "price": 298.0,
            "count": 1,
            "revenue": 298.0
        },
        {
            "time": "2025-09-09 11:23:30",
            "admin": "xiangyi",
            "role": "agent",
            "product": "相一古风ai版",
            "price": 298.0,
            "count": 1,
            "revenue": 298.0
        },
        {
            "time": "2025-09-09 12:02:07",
            "admin": "15289377772",
            "role": "agent",
            "product": "绘影AI摄影",
            "price": 298.0,
            "count": 1,
            "revenue": 298.0
        },
        {
            "time": "2025-09-09 13:06:21",
            "admin": "xiangyi",
            "role": "agent",
            "product": "相一古风ai版",
            "price": 298.0,
            "count": 1,
            "revenue": 298.0
        },
        {
            "time": "2025-09-09 13:59:08",
            "admin": "xiangyi",
            "role": "agent",
            "product": "相一古风ai版",
            "price": 298.0,
            "count": 1,
            "revenue": 298.0
        },
        {
            "time": "2025-09-09 14:00:58",
            "admin": "xiangyi",
            "role": "agent",
            "product": "相一古风ai版",
            "price": 298.0,
            "count": 1,
            "revenue": 298.0
        },
        {
            "time": "2025-09-09 14:40:42",
            "admin": "xiangyi",
            "role": "agent",
            "product": "相一古风ai版",
            "price": 298.0,
            "count": 1,
            "revenue": 298.0
        },
        {
            "time": "2025-09-09 19:28:48",
            "admin": "xiangyi",
            "role": "agent",
            "product": "相一古风ai版",
            "price": 298.0,
            "count": 1,
            "revenue": 298.0
        },
        {
            "time": "2025-09-09 19:32:06",
            "admin": "xiangyi",
            "role": "agent",
            "product": "相一古风ai版",
            "price": 298.0,
            "count": 1,
            "revenue": 298.0
        },
        {
            "time": "2025-09-09 19:35:41",
            "admin": "xiangyi",
            "role": "agent",
            "product": "相一古风ai版",
            "price": 298.0,
            "count": 1,
            "revenue": 298.0
        },
        {
            "time": "2025-09-09 19:37:43",
            "admin": "xiangyi",
            "role": "agent",
            "product": "相一古风ai版",
            "price": 298.0,
            "count": 1,
            "revenue": 298.0
        },
        {
            "time": "2025-09-09 19:40:01",
            "admin": "xiangyi",
            "role": "agent",
            "product": "相一古风ai版",
            "price": 298.0,
            "count": 1,
            "revenue": 298.0
        },
        {
            "time": "2025-09-09 20:39:45",
            "admin": "xiangyi",
            "role": "agent",
            "product": "相一古风ai版",
            "price": 298.0,
            "count": 1,
            "revenue": 298.0
        },
        {
            "time": "2025-09-09 21:48:53",
            "admin": "xiangyi",
            "role": "agent",
            "product": "相一古风ai版",
            "price": 298.0,
            "count": 1,
            "revenue": 298.0
        },
        {
            "time": "2025-09-09 22:00:52",
            "admin": "xiangyi",
            "role": "agent",
            "product": "相一古风ai版",
            "price": 298.0,
            "count": 1,
            "revenue": 298.0
        },
        {
            "time": "2025-09-09 22:28:58",
            "admin": "xiangyi",
            "role": "agent",
            "product": "相一古风ai版",
            "price": 298.0,
            "count": 1,
            "revenue": 298.0
        },
        {
            "time": "2025-09-09 22:34:53",
            "admin": "xiangyi",
            "role": "agent",
            "product": "相一古风ai版",
            "price": 298.0,
            "count": 1,
            "revenue": 298.0
        },
        {
            "time": "2025-09-09 22:44:18",
            "admin": "xiangyi",
            "role": "agent",
            "product": "相一古风ai版",
            "price": 298.0,
            "count": 1,
            "revenue": 298.0
        },
        {
            "time": "2025-09-09 22:50:59",
            "admin": "xiangyi",
            "role": "agent",
            "product": "相一古风ai版",
            "price": 298.0,
            "count": 1,
            "revenue": 298.0
        },
        {
            "time": "2025-09-09 23:12:27",
            "admin": "xiangyi",
            "role": "agent",
            "product": "相一古风ai版",
            "price": 298.0,
            "count": 1,
            "revenue": 298.0
        },
        {
            "time": "2025-09-09 23:14:18",
            "admin": "xiangyi",
            "role": "agent",
            "product": "相一古风ai版",
            "price": 298.0,
            "count": 1,
            "revenue": 298.0
        },
        {
            "time": "2025-09-09 23:16:31",
            "admin": "xiangyi",
            "role": "agent",
            "product": "相一古风ai版",
            "price": 298.0,
            "count": 1,
            "revenue": 298.0
        },
        {
            "time": "2025-09-09 23:18:53",
            "admin": "xiangyi",
            "role": "agent",
            "product": "相一古风ai版",
            "price": 298.0,
            "count": 1,
            "revenue": 298.0
        },
        {
            "time": "2025-09-10 00:33:46",
            "admin": "xiangyi",
            "role": "agent",
            "product": "相一古风ai版",
            "price": 298.0,
            "count": 1,
            "revenue": 298.0
        },
        {
            "time": "2025-09-10 00:44:33",
            "admin": "xiangyi",
            "role": "agent",
            "product": "相一古风ai版",
            "price": 298.0,
            "count": 1,
            "revenue": 298.0
        },
        {
            "time": "2025-09-10 00:48:21",
            "admin": "xiangyi",
            "role": "agent",
            "product": "相一古风ai版",
            "price": 298.0,
            "count": 1,
            "revenue": 298.0
        },
        {
            "time": "2025-09-10 00:50:29",
            "admin": "xiangyi",
            "role": "agent",
            "product": "相一古风ai版",
            "price": 298.0,
            "count": 1,
            "revenue": 298.0
        },
        {
            "time": "2025-09-10 01:24:36",
            "admin": "xiangyi",
            "role": "agent",
            "product": "相一古风ai版",
            "price": 298.0,
            "count": 1,
            "revenue": 298.0
        },
        {
            "time": "2025-09-10 01:34:10",
            "admin": "xiangyi",
            "role": "agent",
            "product": "相一古风ai版",
            "price": 298.0,
            "count": 1,
            "revenue": 298.0
        },
        {
            "time": "2025-09-10 01:40:36",
            "admin": "xiangyi",
            "role": "agent",
            "product": "相一古风ai版",
            "price": 298.0,
            "count": 1,
            "revenue": 298.0
        },
        {
            "time": "2025-09-10 01:52:53",
            "admin": "xiangyi",
            "role": "agent",
            "product": "相一古风ai版",
            "price": 298.0,
            "count": 1,
            "revenue": 298.0
        },
        {
            "time": "2025-09-10 10:18:31",
            "admin": "xiangyi",
            "role": "agent",
            "product": "相一古风ai版",
            "price": 298.0,
            "count": 1,
            "revenue": 298.0
        },
        {
            "time": "2025-09-10 11:00:49",
            "admin": "xiangyi",
            "role": "agent",
            "product": "相一古风ai版",
            "price": 298.0,
            "count": 1,
            "revenue": 298.0
        },
        {
            "time": "2025-09-10 11:16:26",
            "admin": "xiangyi",
            "role": "agent",
            "product": "相一古风ai版",
            "price": 298.0,
            "count": 1,
            "revenue": 298.0
        },
        {
            "time": "2025-09-10 12:45:50",
            "admin": "xiangyi",
            "role": "agent",
            "product": "相一古风ai版",
            "price": 298.0,
            "count": 1,
            "revenue": 298.0
        },
        {
            "time": "2025-09-10 13:15:06",
            "admin": "xiangyi",
            "role": "agent",
            "product": "相一古风ai版",
            "price": 298.0,
            "count": 1,
            "revenue": 298.0
        },
        {
            "time": "2025-09-10 13:41:49",
            "admin": "xiangyi",
            "role": "agent",
            "product": "相一古风ai版",
            "price": 298.0,
            "count": 1,
            "revenue": 298.0
        },
        {
            "time": "2025-09-10 14:30:21",
            "admin": "xiangyi",
            "role": "agent",
            "product": "相一古风ai版",
            "price": 298.0,
            "count": 1,
            "revenue": 298.0
        },
        {
            "time": "2025-09-10 14:48:11",
            "admin": "horsray",
            "agent": "15289377772",
            "role": "admin",
            "product": "绘影AI摄影",
            "price": 298.0,
            "count": 5,
            "revenue": 1490.0
        },
        {
            "time": "2025-09-10 15:41:49",
            "admin": "xiangyi",
            "role": "agent",
            "product": "相一古风ai版",
            "price": 298.0,
            "count": 1,
            "revenue": 298.0
        },
        {
            "time": "2025-09-10 16:06:07",
            "admin": "xiangyi",
            "role": "agent",
            "product": "相一古风ai版",
            "price": 298.0,
            "count": 1,
            "revenue": 298.0
        },
        {
            "time": "2025-09-10 16:18:33",
            "admin": "xiangyi",
            "role": "agent",
            "product": "相一古风ai版",
            "price": 298.0,
            "count": 1,
            "revenue": 298.0
        },
        {
            "time": "2025-09-10 17:32:05",
            "admin": "xiangyi",
            "role": "agent",
            "product": "相一古风ai版",
            "price": 298.0,
            "count": 1,
            "revenue": 298.0
        },
        {
            "time": "2025-09-10 17:49:10",
            "admin": "xiangyi",
            "role": "agent",
            "product": "相一古风ai版",
            "price": 298.0,
            "count": 1,
            "revenue": 298.0
        },
        {
            "time": "2025-09-10 17:55:04",
            "admin": "xiangyi",
            "role": "agent",
            "product": "相一古风ai版",
            "price": 298.0,
            "count": 1,
            "revenue": 298.0
        },
        {
            "time": "2025-09-10 18:58:08",
            "admin": "xiangyi",
            "role": "agent",
            "product": "相一古风ai版",
            "price": 298.0,
            "count": 1,
            "revenue": 298.0
        },
        {
            "time": "2025-09-10 18:59:03",
            "admin": "xiangyi",
            "role": "agent",
            "product": "相一古风ai版",
            "price": 298.0,
            "count": 1,
            "revenue": 298.0
        },
        {
            "time": "2025-09-10 19:01:54",
            "admin": "xiangyi",
            "role": "agent",
            "product": "相一古风ai版",
            "price": 298.0,
            "count": 1,
            "revenue": 298.0
        },
        {
            "time": "2025-09-10 19:23:00",
            "admin": "xiangyi",
            "role": "agent",
            "product": "相一古风ai版",
            "price": 298.0,
            "count": 1,
            "revenue": 298.0
        },
        {
            "time": "2025-09-10 20:36:51",
            "admin": "xiangyi",
            "role": "agent",
            "product": "相一古风ai版",
            "price": 298.0,
            "count": 1,
            "revenue": 298.0
        },
        {
            "time": "2025-09-10 20:47:53",
            "admin": "xiangyi",
            "role": "agent",
            "product": "相一古风ai版",
            "price": 298.0,
            "count": 1,
            "revenue": 298.0
        },
        {
            "time": "2025-09-10 21:04:48",
            "admin": "xiangyi",
            "role": "agent",
            "product": "相一古风ai版",
            "price": 298.0,
            "count": 1,
            "revenue": 298.0
        },
        {
            "time": "2025-09-10 21:22:33",
            "admin": "horsray",
            "agent": "xiangyi",
            "role": "admin",
            "product": "相一古风ai版",
            "price": 298.0,
            "count": 100,
            "revenue": 29800.0
        },
        {
            "time": "2025-09-10 21:58:56",
            "admin": "xiangyi",
            "role": "agent",
            "product": "相一古风ai版",
            "price": 298.0,
            "count": 1,
            "revenue": 298.0
        },
        {
            "time": "2025-09-11 09:32:02",
            "admin": "xiangyi",
            "role": "agent",
            "product": "相一古风ai版",
            "price": 298.0,
            "count": 1,
            "revenue": 298.0
        },
        {
            "time": "2025-09-11 09:32:02",
            "admin": "xiangyi",
            "role": "agent",
            "product": "相一古风ai版",
            "price": 298.0,
            "count": 1,
            "revenue": 298.0
        },
        {
            "time": "2025-09-11 09:32:02",
            "admin": "xiangyi",
            "role": "agent",
            "product": "相一古风ai版",
            "price": 298.0,
            "count": 1,
            "revenue": 298.0
        },
        {
            "time": "2025-09-11 09:32:02",
            "admin": "xiangyi",
            "role": "agent",
            "product": "相一古风ai版",
            "price": 298.0,
            "count": 1,
            "revenue": 298.0
        },
        {
            "time": "2025-09-11 09:32:02",
            "admin": "xiangyi",
            "role": "agent",
            "product": "相一古风ai版",
            "price": 298.0,
            "count": 1,
            "revenue": 298.0
        },
        {
            "time": "2025-09-11 10:17:41",
            "admin": "xiangyi",
            "role": "agent",
            "product": "相一古风ai版",
            "price": 298.0,
            "count": 1,
            "revenue": 298.0
        },
        {
            "time": "2025-09-11 10:43:45",
            "admin": "xiangyi",
            "role": "agent",
            "product": "相一古风ai版",
            "price": 298.0,
            "count": 1,
            "revenue": 298.0
        },
        {
            "time": "2025-09-11 11:09:31",
            "admin": "xiangyi",
            "role": "agent",
            "product": "相一古风ai版",
            "price": 298.0,
            "count": 1,
            "revenue": 298.0
        },
        {
            "time": "2025-09-11 11:29:32",
            "admin": "xiangyi",
            "role": "agent",
            "product": "相一古风ai版",
            "price": 298.0,
            "count": 1,
            "revenue": 298.0
        },
        {
            "time": "2025-09-11 11:31:03",
            "admin": "xiangyi",
            "role": "agent",
            "product": "相一古风ai版",
            "price": 298.0,
            "count": 1,
            "revenue": 298.0
        },
        {
            "time": "2025-09-11 12:16:12",
            "admin": "xiangyi",
            "role": "agent",
            "product": "相一古风ai版",
            "price": 298.0,
            "count": 1,
            "revenue": 298.0
        },
        {
            "time": "2025-09-11 12:20:14",
            "admin": "xiangyi",
            "role": "agent",
            "product": "相一古风ai版",
            "price": 298.0,
            "count": 1,
            "revenue": 298.0
        },
        {
            "time": "2025-09-11 12:20:53",
            "admin": "xiangyi",
            "role": "agent",
            "product": "相一古风ai版",
            "price": 298.0,
            "count": 1,
            "revenue": 298.0
        },
        {
            "time": "2025-09-11 12:41:52",
            "admin": "xiangyi",
            "role": "agent",
            "product": "相一古风ai版",
            "price": 298.0,
            "count": 1,
            "revenue": 298.0
        },
        {
            "time": "2025-09-11 13:02:21",
            "admin": "xiangyi",
            "role": "agent",
            "product": "相一古风ai版",
            "price": 298.0,
            "count": 1,
            "revenue": 298.0
        },
        {
            "time": "2025-09-11 13:06:50",
            "admin": "xiangyi",
            "role": "agent",
            "product": "相一古风ai版",
            "price": 298.0,
            "count": 1,
            "revenue": 298.0
        },
        {
            "time": "2025-09-11 13:15:18",
            "admin": "xiangyi",
            "role": "agent",
            "product": "相一古风ai版",
            "price": 298.0,
            "count": 1,
            "revenue": 298.0
        },
        {
            "time": "2025-09-11 13:31:14",
            "admin": "xiangyi",
            "role": "agent",
            "product": "相一古风ai版",
            "price": 298.0,
            "count": 1,
            "revenue": 298.0
        },
        {
            "time": "2025-09-11 13:32:00",
            "admin": "xiangyi",
            "role": "agent",
            "product": "相一古风ai版",
            "price": 298.0,
            "count": 1,
            "revenue": 298.0
        },
        {
            "time": "2025-09-11 14:37:41",
            "admin": "xiangyi",
            "role": "agent",
            "product": "相一古风ai版",
            "price": 298.0,
            "count": 1,
            "revenue": 298.0
        },
        {
            "time": "2025-09-11 14:44:04",
            "admin": "xiangyi",
            "role": "agent",
            "product": "相一古风ai版",
            "price": 298.0,
            "count": 1,
            "revenue": 298.0
        },
        {
            "time": "2025-09-11 15:02:24",
            "admin": "xiangyi",
            "role": "agent",
            "product": "相一古风ai版",
            "price": 298.0,
            "count": 1,
            "revenue": 298.0
        },
        {
            "time": "2025-09-11 15:08:29",
            "admin": "xiangyi",
            "role": "agent",
            "product": "相一古风ai版",
            "price": 298.0,
            "count": 1,
            "revenue": 298.0
        },
        {
            "time": "2025-09-11 15:10:50",
            "admin": "xiangyi",
            "role": "agent",
            "product": "相一古风ai版",
            "price": 298.0,
            "count": 1,
            "revenue": 298.0
        },
        {
            "time": "2025-09-11 15:10:50",
            "admin": "xiangyi",
            "role": "agent",
            "product": "相一古风ai版",
            "price": 298.0,
            "count": 1,
            "revenue": 298.0
        },
        {
            "time": "2025-09-11 15:10:50",
            "admin": "xiangyi",
            "role": "agent",
            "product": "相一古风ai版",
            "price": 298.0,
            "count": 1,
            "revenue": 298.0
        },
        {
            "time": "2025-09-11 15:10:50",
            "admin": "xiangyi",
            "role": "agent",
            "product": "相一古风ai版",
            "price": 298.0,
            "count": 1,
            "revenue": 298.0
        },
        {
            "time": "2025-09-11 15:10:50",
            "admin": "xiangyi",
            "role": "agent",
            "product": "相一古风ai版",
            "price": 298.0,
            "count": 1,
            "revenue": 298.0
        },
        {
            "time": "2025-09-11 15:48:29",
            "admin": "xiangyi",
            "role": "agent",
            "product": "相一古风ai版",
            "price": 298.0,
            "count": 1,
            "revenue": 298.0
        },
        {
            "time": "2025-09-11 15:54:09",
            "admin": "yiyang",
            "role": "agent",
            "product": "绘影AI摄影",
            "price": 298.0,
            "count": 1,
            "revenue": 298.0
        },
        {
            "time": "2025-09-11 16:40:42",
            "admin": "xiangyi",
            "role": "agent",
            "product": "相一古风ai版",
            "price": 298.0,
            "count": 1,
            "revenue": 298.0
        },
        {
            "time": "2025-09-11 17:00:42",
            "admin": "xiangyi",
            "role": "agent",
            "product": "相一古风ai版",
            "price": 298.0,
            "count": 1,
            "revenue": 298.0
        },
        {
            "time": "2025-09-11 18:03:19",
            "admin": "xiangyi",
            "role": "agent",
            "product": "相一古风ai版",
            "price": 298.0,
            "count": 1,
            "revenue": 298.0
        },
        {
            "time": "2025-09-11 18:41:16",
            "admin": "xiangyi",
            "role": "agent",
            "product": "相一古风ai版",
            "price": 298.0,
            "count": 1,
            "revenue": 298.0
        },
        {
            "time": "2025-09-11 18:48:29",
            "admin": "yiyang",
            "role": "agent",
            "product": "绘影AI摄影",
            "price": 298.0,
            "count": 1,
            "revenue": 298.0
        },
        {
            "time": "2025-09-11 18:48:30",
            "admin": "yiyang",
            "role": "agent",
            "product": "绘影AI摄影",
            "price": 298.0,
            "count": 1,
            "revenue": 298.0
        },
        {
            "time": "2025-09-11 18:51:58",
            "admin": "15289377772",
            "role": "agent",
            "product": "绘影AI摄影",
            "price": 298.0,
            "count": 1,
            "revenue": 298.0
        },
        {
            "time": "2025-09-11 18:53:16",
            "admin": "15289377772",
            "role": "agent",
            "product": "绘影AI摄影",
            "price": 298.0,
            "count": 1,
            "revenue": 298.0
        },
        {
            "time": "2025-09-11 19:00:34",
            "admin": "15289377772",
            "role": "agent",
            "product": "绘影AI摄影",
            "price": 298.0,
            "count": 1,
            "revenue": 298.0
        },
        {
            "time": "2025-09-11 19:00:35",
            "admin": "15289377772",
            "role": "agent",
            "product": "绘影AI摄影",
            "price": 298.0,
            "count": 1,
            "revenue": 298.0
        },
        {
            "time": "2025-09-11 19:00:37",
            "admin": "15289377772",
            "role": "agent",
            "product": "绘影AI摄影",
            "price": 298.0,
            "count": 1,
            "revenue": 298.0
        },
        {
            "time": "2025-09-11 19:00:41",
            "admin": "15289377772",
            "role": "agent",
            "product": "绘影AI摄影",
            "price": 298.0,
            "count": 1,
            "revenue": 298.0
        },
        {
            "time": "2025-09-11 19:00:42",
            "admin": "15289377772",
            "role": "agent",
            "product": "绘影AI摄影",
            "price": 298.0,
            "count": 1,
            "revenue": 298.0
        },
        {
            "time": "2025-09-11 19:00:43",
            "admin": "15289377772",
            "role": "agent",
            "product": "绘影AI摄影",
            "price": 298.0,
            "count": 1,
            "revenue": 298.0
        },
        {
            "time": "2025-09-11 19:00:44",
            "admin": "15289377772",
            "role": "agent",
            "product": "绘影AI摄影",
            "price": 298.0,
            "count": 1,
            "revenue": 298.0
        },
        {
            "time": "2025-09-11 19:00:44",
            "admin": "15289377772",
            "role": "agent",
            "product": "绘影AI摄影",
            "price": 298.0,
            "count": 1,
            "revenue": 298.0
        },
        {
            "time": "2025-09-11 19:00:45",
            "admin": "15289377772",
            "role": "agent",
            "product": "绘影AI摄影",
            "price": 298.0,
            "count": 1,
            "revenue": 298.0
        },
        {
            "time": "2025-09-11 19:07:13",
            "admin": "horsray",
            "agent": "15289377772",
            "role": "admin",
            "product": "绘影AI摄影",
            "price": 298.0,
            "count": 10,
            "revenue": 2980.0
        },
        {
            "time": "2025-09-11 19:46:56",
            "admin": "xiangyi",
            "role": "agent",
            "product": "相一古风ai版",
            "price": 298.0,
            "count": 1,
            "revenue": 298.0
        },
        {
            "time": "2025-09-11 19:46:56",
            "admin": "xiangyi",
            "role": "agent",
            "product": "相一古风ai版",
            "price": 298.0,
            "count": 1,
            "revenue": 298.0
        },
        {
            "time": "2025-09-11 19:46:56",
            "admin": "xiangyi",
            "role": "agent",
            "product": "相一古风ai版",
            "price": 298.0,
            "count": 1,
            "revenue": 298.0
        },
        {
            "time": "2025-09-11 19:46:56",
            "admin": "xiangyi",
            "role": "agent",
            "product": "相一古风ai版",
            "price": 298.0,
            "count": 1,
            "revenue": 298.0
        },
        {
            "time": "2025-09-11 19:46:56",
            "admin": "xiangyi",
            "role": "agent",
            "product": "相一古风ai版",
            "price": 298.0,
            "count": 1,
            "revenue": 298.0
        },
        {
            "time": "2025-09-11 19:53:45",
            "admin": "xiangyi",
            "role": "agent",
            "product": "相一古风ai版",
            "price": 298.0,
            "count": 1,
            "revenue": 298.0
        },
        {
            "time": "2025-09-11 21:52:37",
            "admin": "xiangyi",
            "role": "agent",
            "product": "相一古风ai版",
            "price": 298.0,
            "count": 1,
            "revenue": 298.0
        },
        {
            "time": "2025-09-11 21:53:40",
            "admin": "xiangyi",
            "role": "agent",
            "product": "相一古风ai版",
            "price": 298.0,
            "count": 1,
            "revenue": 298.0
        },
        {
            "time": "2025-09-11 21:54:50",
            "admin": "xiangyi",
            "role": "agent",
            "product": "相一古风ai版",
            "price": 298.0,
            "count": 1,
            "revenue": 298.0
        },
        {
            "time": "2025-09-11 22:04:59",
            "admin": "xiangyi",
            "role": "agent",
            "product": "相一古风ai版",
            "price": 298.0,
            "count": 1,
            "revenue": 298.0
        },
        {
            "time": "2025-09-11 22:22:53",
            "admin": "xiangyi",
            "role": "agent",
            "product": "相一古风ai版",
            "price": 298.0,
            "count": 1,
            "revenue": 298.0
        },
        {
            "time": "2025-09-11 22:49:54",
            "admin": "xiangyi",
            "role": "agent",
            "product": "相一古风ai版",
            "price": 298.0,
            "count": 1,
            "revenue": 298.0
        },
        {
            "time": "2025-09-11 23:09:17",
            "admin": "xiangyi",
            "role": "agent",
            "product": "相一古风ai版",
            "price": 298.0,
            "count": 1,
            "revenue": 298.0
        },
        {
            "time": "2025-09-11 23:13:19",
            "admin": "xiangyi",
            "role": "agent",
            "product": "相一古风ai版",
            "price": 298.0,
            "count": 1,
            "revenue": 298.0
        },
        {
            "time": "2025-09-11 23:42:13",
            "admin": "xiangyi",
            "role": "agent",
            "product": "相一古风ai版",
            "price": 298.0,
            "count": 1,
            "revenue": 298.0
        },
        {
            "time": "2025-09-12 08:34:30",
            "admin": "xiangyi",
            "role": "agent",
            "product": "相一古风ai版",
            "price": 298.0,
            "count": 1,
            "revenue": 298.0
        },
        {
            "time": "2025-09-12 09:05:20",
            "admin": "xiangyi",
            "role": "agent",
            "product": "相一古风ai版",
            "price": 298.0,
            "count": 1,
            "revenue": 298.0
        },
        {
            "time": "2025-09-12 09:42:42",
            "admin": "xiangyi",
            "role": "agent",
            "product": "相一古风ai版",
            "price": 298.0,
            "count": 1,
            "revenue": 298.0
        },
        {
            "time": "2025-09-12 10:43:36",
            "admin": "xiangyi",
            "role": "agent",
            "product": "相一古风ai版",
            "price": 298.0,
            "count": 1,
            "revenue": 298.0
        },
        {
            "time": "2025-09-12 11:36:37",
            "admin": "xiangyi",
            "role": "agent",
            "product": "相一古风ai版",
            "price": 298.0,
            "count": 1,
            "revenue": 298.0
        },
        {
            "time": "2025-09-12 12:46:25",
            "admin": "xiangyi",
            "role": "agent",
            "product": "相一古风ai版",
            "price": 298.0,
            "count": 1,
            "revenue": 298.0
        },
        {
            "time": "2025-09-12 14:16:04",
            "admin": "xiangyi",
            "role": "agent",
            "product": "相一古风ai版",
            "price": 298.0,
            "count": 1,
            "revenue": 298.0
        },
        {
            "time": "2025-09-12 14:17:12",
            "admin": "xiangyi",
            "role": "agent",
            "product": "相一古风ai版",
            "price": 298.0,
            "count": 1,
            "revenue": 298.0
        },
        {
            "time": "2025-09-12 14:20:13",
            "admin": "xiangyi",
            "role": "agent",
            "product": "相一古风ai版",
            "price": 298.0,
            "count": 1,
            "revenue": 298.0
        },
        {
            "time": "2025-09-12 14:42:52",
            "admin": "xiangyi",
            "role": "agent",
            "product": "相一古风ai版",
            "price": 298.0,
            "count": 1,
            "revenue": 298.0
        },
        {
            "time": "2025-09-12 15:47:22",
            "admin": "xiangyi",
            "role": "agent",
            "product": "相一古风ai版",
            "price": 298.0,
            "count": 1,
            "revenue": 298.0
        },
        {
            "time": "2025-09-12 16:19:04",
            "admin": "peidong",
            "role": "agent",
            "product": "绘影AI摄影",
            "price": 298.0,
            "count": 1,
            "revenue": 298.0
        },
        {
            "time": "2025-09-12 17:42:04",
            "admin": "xiangyi",
            "role": "agent",
            "product": "相一古风ai版",
            "price": 298.0,
            "count": 1,
            "revenue": 298.0
        },
        {
            "time": "2025-09-12 17:48:17",
            "admin": "xiangyi",
            "role": "agent",
            "product": "相一古风ai版",
            "price": 298.0,
            "count": 1,
            "revenue": 298.0
        },
        {
            "time": "2025-09-12 18:24:35",
            "admin": "xiangyi",
            "role": "agent",
            "product": "相一古风ai版",
            "price": 298.0,
            "count": 1,
            "revenue": 298.0
        },
        {
            "time": "2025-09-12 20:57:53",
            "admin": "xiangyi",
            "role": "agent",
            "product": "相一古风ai版",
            "price": 298.0,
            "count": 1,
            "revenue": 298.0
        },
        {
            "time": "2025-09-12 20:59:12",
            "admin": "xiangyi",
            "role": "agent",
            "product": "相一古风ai版",
            "price": 298.0,
            "count": 1,
            "revenue": 298.0
        },
        {
            "time": "2025-09-12 20:59:19",
            "admin": "xiangyi",
            "role": "agent",
            "product": "相一古风ai版",
            "price": 298.0,
            "count": 1,
            "revenue": 298.0
        },
        {
            "time": "2025-09-12 21:01:18",
            "admin": "xiangyi",
            "role": "agent",
            "product": "相一古风ai版",
            "price": 298.0,
            "count": 1,
            "revenue": 298.0
        },
        {
            "time": "2025-09-12 21:01:18",
            "admin": "xiangyi",
            "role": "agent",
            "product": "相一古风ai版",
            "price": 298.0,
            "count": 1,
            "revenue": 298.0
        },
        {
            "time": "2025-09-12 21:01:18",
            "admin": "xiangyi",
            "role": "agent",
            "product": "相一古风ai版",
            "price": 298.0,
            "count": 1,
            "revenue": 298.0
        },
        {
            "time": "2025-09-12 21:01:18",
            "admin": "xiangyi",
            "role": "agent",
            "product": "相一古风ai版",
            "price": 298.0,
            "count": 1,
            "revenue": 298.0
        },
        {
            "time": "2025-09-12 21:01:18",
            "admin": "xiangyi",
            "role": "agent",
            "product": "相一古风ai版",
            "price": 298.0,
            "count": 1,
            "revenue": 298.0
        },
        {
            "time": "2025-09-12 21:12:42",
            "admin": "xiangyi",
            "role": "agent",
            "product": "相一古风ai版",
            "price": 298.0,
            "count": 1,
            "revenue": 298.0
        },
        {
            "time": "2025-09-12 21:25:28",
            "admin": "xiangyi",
            "role": "agent",
            "product": "相一古风ai版",
            "price": 298.0,
            "count": 1,
            "revenue": 298.0
        },
        {
            "time": "2025-09-12 22:39:59",
            "admin": "xiangyi",
            "role": "agent",
            "product": "相一古风ai版",
            "price": 298.0,
            "count": 1,
            "revenue": 298.0
        },
        {
            "time": "2025-09-12 22:49:35",
            "admin": "xiangyi",
            "role": "agent",
            "product": "相一古风ai版",
            "price": 298.0,
            "count": 1,
            "revenue": 298.0
        },
        {
            "time": "2025-09-12 23:31:48",
            "admin": "xiangyi",
            "role": "agent",
            "product": "相一古风ai版",
            "price": 298.0,
            "count": 1,
            "revenue": 298.0
        },
        {
            "time": "2025-09-13 10:49:05",
            "admin": "xiangyi",
            "role": "agent",
            "product": "相一古风ai版",
            "price": 298.0,
            "count": 1,
            "revenue": 298.0
        },
        {
            "time": "2025-09-13 11:31:06",
            "admin": "xiangyi",
            "role": "agent",
            "product": "相一古风ai版",
            "price": 298.0,
            "count": 1,
            "revenue": 298.0
        },
        {
            "time": "2025-09-13 12:11:40",
            "admin": "xiangyi",
            "role": "agent",
            "product": "相一古风ai版",
            "price": 298.0,
            "count": 1,
            "revenue": 298.0
        },
        {
            "time": "2025-09-13 14:05:13",
            "admin": "xiangyi",
            "role": "agent",
            "product": "相一古风ai版",
            "price": 298.0,
            "count": 1,
            "revenue": 298.0
        },
        {
            "time": "2025-09-13 14:25:39",
            "admin": "xiangyi",
            "role": "agent",
            "product": "相一古风ai版",
            "price": 298.0,
            "count": 1,
            "revenue": 298.0
        },
        {
            "time": "2025-09-13 16:11:52",
            "admin": "xiangyi",
            "role": "agent",
            "product": "相一古风ai版",
            "price": 298.0,
            "count": 1,
            "revenue": 298.0
        },
        {
            "time": "2025-09-13 16:24:00",
            "admin": "xiangyi",
            "role": "agent",
            "product": "相一古风ai版",
            "price": 298.0,
            "count": 1,
            "revenue": 298.0
        },
        {
            "time": "2025-09-13 16:49:39",
            "admin": "xiangyi",
            "role": "agent",
            "product": "相一古风ai版",
            "price": 298.0,
            "count": 1,
            "revenue": 298.0
        },
        {
            "time": "2025-09-13 19:41:38",
            "admin": "xiangyi",
            "role": "agent",
            "product": "相一古风ai版",
            "price": 298.0,
            "count": 1,
            "revenue": 298.0
        },
        {
            "time": "2025-09-13 20:00:03",
            "admin": "xiangyi",
            "role": "agent",
            "product": "相一古风ai版",
            "price": 298.0,
            "count": 1,
            "revenue": 298.0
        },
        {
            "time": "2025-09-13 20:28:22",
            "admin": "xiangyi",
            "role": "agent",
            "product": "相一古风ai版",
            "price": 298.0,
            "count": 1,
            "revenue": 298.0
        },
        {
            "time": "2025-09-13 21:17:53",
            "admin": "15289377772",
            "role": "agent",
            "product": "绘影AI摄影",
            "price": 298.0,
            "count": 1,
            "revenue": 298.0
        },
        {
            "time": "2025-09-13 21:29:53",
            "admin": "xiangyi",
            "role": "agent",
            "product": "相一古风ai版",
            "price": 298.0,
            "count": 1,
            "revenue": 298.0
        },
        {
            "time": "2025-09-14 08:38:12",
            "admin": "xiangyi",
            "role": "agent",
            "product": "相一古风ai版",
            "price": 298.0,
            "count": 1,
            "revenue": 298.0
        },
        {
            "time": "2025-09-14 10:51:30",
            "admin": "xiangyi",
            "role": "agent",
            "product": "相一古风ai版",
            "price": 298.0,
            "count": 1,
            "revenue": 298.0
        },
        {
            "time": "2025-09-14 11:17:07",
            "admin": "xiangyi",
            "role": "agent",
            "product": "相一古风ai版",
            "price": 298.0,
            "count": 1,
            "revenue": 298.0
        },
        {
            "time": "2025-09-14 13:21:27",
            "admin": "xiangyi",
            "role": "agent",
            "product": "相一古风ai版",
            "price": 298.0,
            "count": 1,
            "revenue": 298.0
        },
        {
            "time": "2025-09-14 14:51:30",
            "admin": "xiangyi",
            "role": "agent",
            "product": "相一古风ai版",
            "price": 298.0,
            "count": 1,
            "revenue": 298.0
        },
        {
            "time": "2025-09-14 14:59:39",
            "admin": "xiangyi",
            "role": "agent",
            "product": "相一古风ai版",
            "price": 298.0,
            "count": 1,
            "revenue": 298.0
        },
        {
            "time": "2025-09-14 16:39:37",
            "admin": "xiangyi",
            "role": "agent",
            "product": "相一古风ai版",
            "price": 298.0,
            "count": 1,
            "revenue": 298.0
        },
        {
            "time": "2025-09-14 17:11:04",
            "admin": "15289377772",
            "role": "agent",
            "product": "绘影AI摄影",
            "price": 298.0,
            "count": 1,
            "revenue": 298.0
        },
        {
            "time": "2025-09-14 18:29:04",
            "admin": "xiangyi",
            "role": "agent",
            "product": "相一古风ai版",
            "price": 298.0,
            "count": 1,
            "revenue": 298.0
        },
        {
            "time": "2025-09-14 21:57:39",
            "admin": "xiangyi",
            "role": "agent",
            "product": "相一古风ai版",
            "price": 298.0,
            "count": 1,
            "revenue": 298.0
        },
        {
            "time": "2025-09-14 22:06:39",
            "admin": "xiangyi",
            "role": "agent",
            "product": "相一古风ai版",
            "price": 298.0,
            "count": 1,
            "revenue": 298.0
        },
        {
            "time": "2025-09-14 22:07:24",
            "admin": "xiangyi",
            "role": "agent",
            "product": "相一古风ai版",
            "price": 298.0,
            "count": 1,
            "revenue": 298.0
        },
        {
            "time": "2025-09-14 22:07:59",
            "admin": "xiangyi",
            "role": "agent",
            "product": "相一古风ai版",
            "price": 298.0,
            "count": 1,
            "revenue": 298.0
        },
        {
            "time": "2025-09-14 22:09:09",
            "admin": "xiangyi",
            "role": "agent",
            "product": "相一古风ai版",
            "price": 298.0,
            "count": 1,
            "revenue": 298.0
        },
        {
            "time": "2025-09-14 22:12:28",
            "admin": "xiangyi",
            "role": "agent",
            "product": "相一古风ai版",
            "price": 298.0,
            "count": 1,
            "revenue": 298.0
        },
        {
            "time": "2025-09-14 22:22:10",
            "admin": "xiangyi",
            "role": "agent",
            "product": "相一古风ai版",
            "price": 298.0,
            "count": 1,
            "revenue": 298.0
        },
        {
            "time": "2025-09-14 22:24:03",
            "admin": "xiangyi",
            "role": "agent",
            "product": "相一古风ai版",
            "price": 298.0,
            "count": 1,
            "revenue": 298.0
        },
        {
            "time": "2025-09-14 22:24:10",
            "admin": "xiangyi",
            "role": "agent",
            "product": "相一古风ai版",
            "price": 298.0,
            "count": 1,
            "revenue": 298.0
        },
        {
            "time": "2025-09-14 22:24:45",
            "admin": "xiangyi",
            "role": "agent",
            "product": "相一古风ai版",
            "price": 298.0,
            "count": 1,
            "revenue": 298.0
        },
        {
            "time": "2025-09-14 22:45:18",
            "admin": "xiangyi",
            "role": "agent",
            "product": "相一古风ai版",
            "price": 298.0,
            "count": 1,
            "revenue": 298.0
        },
        {
            "time": "2025-09-14 23:48:28",
            "admin": "xiangyi",
            "role": "agent",
            "product": "相一古风ai版",
            "price": 298.0,
            "count": 1,
            "revenue": 298.0
        },
        {
            "time": "2025-09-15 09:47:02",
            "admin": "horsray",
            "agent": "xiangyi",
            "role": "admin",
            "product": "相一古风ai版",
            "price": 298.0,
            "count": 100,
            "revenue": 29800.0
        },
        {
            "time": "2025-09-15 09:51:23",
            "admin": "xiangyi",
            "role": "agent",
            "product": "相一古风ai版",
            "price": 298.0,
            "count": 1,
            "revenue": 298.0
        },
        {
            "time": "2025-09-15 09:51:23",
            "admin": "xiangyi",
            "role": "agent",
            "product": "相一古风ai版",
            "price": 298.0,
            "count": 1,
            "revenue": 298.0
        },
        {
            "time": "2025-09-15 09:51:23",
            "admin": "xiangyi",
            "role": "agent",
            "product": "相一古风ai版",
            "price": 298.0,
            "count": 1,
            "revenue": 298.0
        },
        {
            "time": "2025-09-15 09:51:23",
            "admin": "xiangyi",
            "role": "agent",
            "product": "相一古风ai版",
            "price": 298.0,
            "count": 1,
            "revenue": 298.0
        },
        {
            "time": "2025-09-15 09:51:23",
            "admin": "xiangyi",
            "role": "agent",
            "product": "相一古风ai版",
            "price": 298.0,
            "count": 1,
            "revenue": 298.0
        },
        {
            "time": "2025-09-15 10:02:54",
            "admin": "xiangyi",
            "role": "agent",
            "product": "相一古风ai版",
            "price": 298.0,
            "count": 1,
            "revenue": 298.0
        },
        {
            "time": "2025-09-15 10:43:44",
            "admin": "xiangyi",
            "role": "agent",
            "product": "相一古风ai版",
            "price": 298.0,
            "count": 1,
            "revenue": 298.0
        },
        {
            "time": "2025-09-15 10:45:00",
            "admin": "xiangyi",
            "role": "agent",
            "product": "相一古风ai版",
            "price": 298.0,
            "count": 1,
            "revenue": 298.0
        },
        {
            "time": "2025-09-15 12:39:27",
            "admin": "xiangyi",
            "role": "agent",
            "product": "相一古风ai版",
            "price": 298.0,
            "count": 1,
            "revenue": 298.0
        },
        {
            "time": "2025-09-15 13:24:04",
            "admin": "xiangyi",
            "role": "agent",
            "product": "相一古风ai版",
            "price": 298.0,
            "count": 1,
            "revenue": 298.0
        },
        {
            "time": "2025-09-15 15:18:58",
            "admin": "xiangyi",
            "role": "agent",
            "product": "相一古风ai版",
            "price": 298.0,
            "count": 1,
            "revenue": 298.0
        },
        {
            "time": "2025-09-15 15:37:53",
            "admin": "xiangyi",
            "role": "agent",
            "product": "相一古风ai版",
            "price": 298.0,
            "count": 1,
            "revenue": 298.0
        },
        {
            "time": "2025-09-15 17:05:40",
            "admin": "xiangyi",
            "role": "agent",
            "product": "相一古风ai版",
            "price": 298.0,
            "count": 1,
            "revenue": 298.0
        },
        {
            "time": "2025-09-15 17:10:41",
            "admin": "xiangyi",
            "role": "agent",
            "product": "相一古风ai版",
            "price": 298.0,
            "count": 1,
            "revenue": 298.0
        },
        {
            "time": "2025-09-15 17:21:23",
            "admin": "xiangyi",
            "role": "agent",
            "product": "相一古风ai版",
            "price": 298.0,
            "count": 1,
            "revenue": 298.0
        },
        {
            "time": "2025-09-15 17:54:11",
            "admin": "xiangyi",
            "role": "agent",
            "product": "相一古风ai版",
            "price": 298.0,
            "count": 1,
            "revenue": 298.0
        },
        {
            "time": "2025-09-15 18:39:30",
            "admin": "xiangyi",
            "role": "agent",
            "product": "相一古风ai版",
            "price": 298.0,
            "count": 1,
            "revenue": 298.0
        },
        {
            "time": "2025-09-15 21:21:03",
            "admin": "xiangyi",
            "role": "agent",
            "product": "相一古风ai版",
            "price": 298.0,
            "count": 1,
            "revenue": 298.0
        },
        {
            "time": "2025-09-15 22:47:04",
            "admin": "xiangyi",
            "role": "agent",
            "product": "相一古风ai版",
            "price": 298.0,
            "count": 1,
            "revenue": 298.0
        },
        {
            "time": "2025-09-15 23:20:26",
            "admin": "xiangyi",
            "role": "agent",
            "product": "相一古风ai版",
            "price": 298.0,
            "count": 1,
            "revenue": 298.0
        },
        {
            "time": "2025-09-15 23:23:49",
            "admin": "xiangyi",
            "role": "agent",
            "product": "相一古风ai版",
            "price": 298.0,
            "count": 1,
            "revenue": 298.0
        },
        {
            "time": "2025-09-15 23:30:50",
            "admin": "xiangyi",
            "role": "agent",
            "product": "相一古风ai版",
            "price": 298.0,
            "count": 1,
            "revenue": 298.0
        },
        {
            "time": "2025-09-16 08:04:20",
            "admin": "xiangyi",
            "role": "agent",
            "product": "相一古风ai版",
            "price": 298.0,
            "count": 1,
            "revenue": 298.0
        },
        {
            "time": "2025-09-16 09:51:12",
            "admin": "xiangyi",
            "role": "agent",
            "product": "相一古风ai版",
            "price": 298.0,
            "count": 1,
            "revenue": 298.0
        },
        {
            "time": "2025-09-16 10:22:56",
            "admin": "xiangyi",
            "role": "agent",
            "product": "相一古风ai版",
            "price": 298.0,
            "count": 1,
            "revenue": 298.0
        },
        {
            "time": "2025-09-16 14:11:59",
            "admin": "xiangyi",
            "role": "agent",
            "product": "相一古风ai版",
            "price": 298.0,
            "count": 1,
            "revenue": 298.0
        },
        {
            "time": "2025-09-16 14:22:46",
            "admin": "xiangyi",
            "role": "agent",
            "product": "相一古风ai版",
            "price": 298.0,
            "count": 1,
            "revenue": 298.0
        },
        {
            "time": "2025-09-16 14:22:46",
            "admin": "xiangyi",
            "role": "agent",
            "product": "相一古风ai版",
            "price": 298.0,
            "count": 1,
            "revenue": 298.0
        },
        {
            "time": "2025-09-16 14:22:46",
            "admin": "xiangyi",
            "role": "agent",
            "product": "相一古风ai版",
            "price": 298.0,
            "count": 1,
            "revenue": 298.0
        },
        {
            "time": "2025-09-16 14:22:46",
            "admin": "xiangyi",
            "role": "agent",
            "product": "相一古风ai版",
            "price": 298.0,
            "count": 1,
            "revenue": 298.0
        },
        {
            "time": "2025-09-16 14:22:46",
            "admin": "xiangyi",
            "role": "agent",
            "product": "相一古风ai版",
            "price": 298.0,
            "count": 1,
            "revenue": 298.0
        },
        {
            "time": "2025-09-16 15:42:32",
            "admin": "xiangyi",
            "role": "agent",
            "product": "相一古风ai版",
            "price": 298.0,
            "count": 1,
            "revenue": 298.0
        },
        {
            "time": "2025-09-16 15:53:54",
            "admin": "xiangyi",
            "role": "agent",
            "product": "相一古风ai版",
            "price": 298.0,
            "count": 1,
            "revenue": 298.0
        },
        {
            "time": "2025-09-16 17:57:02",
            "admin": "xiangyi",
            "role": "agent",
            "product": "相一古风ai版",
            "price": 298.0,
            "count": 1,
            "revenue": 298.0
        },
        {
            "time": "2025-09-16 22:01:27",
            "admin": "xiangyi",
            "role": "agent",
            "product": "相一古风ai版",
            "price": 298.0,
            "count": 1,
            "revenue": 298.0
        },
        {
            "time": "2025-09-16 22:04:45",
            "admin": "xiangyi",
            "role": "agent",
            "product": "相一古风ai版",
            "price": 298.0,
            "count": 1,
            "revenue": 298.0
        },
        {
            "time": "2025-09-16 22:10:40",
            "admin": "xiangyi",
            "role": "agent",
            "product": "相一古风ai版",
            "price": 298.0,
            "count": 1,
            "revenue": 298.0
        },
        {
            "time": "2025-09-16 22:17:29",
            "admin": "xiangyi",
            "role": "agent",
            "product": "相一古风ai版",
            "price": 298.0,
            "count": 1,
            "revenue": 298.0
        },
        {
            "time": "2025-09-16 22:18:02",
            "admin": "xiangyi",
            "role": "agent",
            "product": "相一古风ai版",
            "price": 298.0,
            "count": 1,
            "revenue": 298.0
        },
        {
            "time": "2025-09-16 23:40:33",
            "admin": "xiangyi",
            "role": "agent",
            "product": "相一古风ai版",
            "price": 298.0,
            "count": 1,
            "revenue": 298.0
        },
        {
            "time": "2025-09-17 07:29:01",
            "admin": "xiangyi",
            "role": "agent",
            "product": "相一古风ai版",
            "price": 298.0,
            "count": 1,
            "revenue": 298.0
        },
        {
            "time": "2025-09-17 09:53:37",
            "admin": "xiangyi",
            "role": "agent",
            "product": "相一古风ai版",
            "price": 298.0,
            "count": 1,
            "revenue": 298.0
        },
        {
            "time": "2025-09-17 09:55:08",
            "admin": "xiangyi",
            "role": "agent",
            "product": "相一古风ai版",
            "price": 298.0,
            "count": 1,
            "revenue": 298.0
        },
        {
            "time": "2025-09-17 09:59:19",
            "admin": "xiangyi",
            "role": "agent",
            "product": "相一古风ai版",
            "price": 298.0,
            "count": 1,
            "revenue": 298.0
        },
        {
            "time": "2025-09-17 10:02:35",
            "admin": "xiangyi",
            "role": "agent",
            "product": "相一古风ai版",
            "price": 298.0,
            "count": 1,
            "revenue": 298.0
        },
        {
            "time": "2025-09-17 10:49:15",
            "admin": "peidong",
            "role": "agent",
            "product": "绘影AI摄影",
            "price": 298.0,
            "count": 1,
            "revenue": 298.0
        },
        {
            "time": "2025-09-17 12:02:27",
            "admin": "xiangyi",
            "role": "agent",
            "product": "相一古风ai版",
            "price": 298.0,
            "count": 1,
            "revenue": 298.0
        },
        {
            "time": "2025-09-17 12:03:08",
            "admin": "xiangyi",
            "role": "agent",
            "product": "相一古风ai版",
            "price": 298.0,
            "count": 1,
            "revenue": 298.0
        },
        {
            "time": "2025-09-17 12:22:13",
            "admin": "xiangyi",
            "role": "agent",
            "product": "相一古风ai版",
            "price": 298.0,
            "count": 1,
            "revenue": 298.0
        },
        {
            "time": "2025-09-17 12:44:44",
            "admin": "horsray",
            "agent": "peidong",
            "role": "admin",
            "product": "绘影AI摄影",
            "price": 298.0,
            "count": 5,
            "revenue": 1490.0
        },
        {
            "time": "2025-09-17 12:52:38",
            "admin": "peidong",
            "role": "agent",
            "product": "绘影AI摄影",
            "price": 298.0,
            "count": 1,
            "revenue": 298.0
        },
        {
            "time": "2025-09-17 13:10:13",
            "admin": "xiangyi",
            "role": "agent",
            "product": "相一古风ai版",
            "price": 298.0,
            "count": 1,
            "revenue": 298.0
        },
        {
            "time": "2025-09-17 13:13:08",
            "admin": "xiangyi",
            "role": "agent",
            "product": "相一古风ai版",
            "price": 298.0,
            "count": 1,
            "revenue": 298.0
        },
        {
            "time": "2025-09-17 13:54:51",
            "admin": "xiangyi",
            "role": "agent",
            "product": "相一古风ai版",
            "price": 298.0,
            "count": 1,
            "revenue": 298.0
        },
        {
            "time": "2025-09-17 14:14:25",
            "admin": "xiangyi",
            "role": "agent",
            "product": "相一古风ai版",
            "price": 298.0,
            "count": 1,
            "revenue": 298.0
        },
        {
            "time": "2025-09-17 14:37:53",
            "admin": "xiangyi",
            "role": "agent",
            "product": "相一古风ai版",
            "price": 298.0,
            "count": 1,
            "revenue": 298.0
        },
        {
            "time": "2025-09-17 15:16:17",
            "admin": "xiangyi",
            "role": "agent",
            "product": "相一古风ai版",
            "price": 298.0,
            "count": 1,
            "revenue": 298.0
        },
        {
            "time": "2025-09-17 16:32:09",
            "admin": "xiangyi",
            "role": "agent",
            "product": "相一古风ai版",
            "price": 298.0,
            "count": 1,
            "revenue": 298.0
        },
        {
            "time": "2025-09-17 17:48:50",
            "admin": "xiangyi",
            "role": "agent",
            "product": "相一古风ai版",
            "price": 298.0,
            "count": 1,
            "revenue": 298.0
        },
        {
            "time": "2025-09-17 19:10:10",
            "admin": "horsray",
            "product": "相一古风ai版",
            "price": 298.0,
            "count": 1,
            "revenue": 298.0,
            "role": "admin"
        },
        {
            "time": "2025-09-17 19:31:39",
            "admin": "xiangyi",
            "role": "agent",
            "product": "相一古风ai版",
            "price": 298.0,
            "count": 1,
            "revenue": 298.0
        },
        {
            "time": "2025-09-17 21:53:25",
            "admin": "xiangyi",
            "role": "agent",
            "product": "相一古风ai版",
            "price": 298.0,
            "count": 1,
            "revenue": 298.0
        },
        {
            "time": "2025-09-17 21:55:18",
            "admin": "xiangyi",
            "role": "agent",
            "product": "相一古风ai版",
            "price": 298.0,
            "count": 1,
            "revenue": 298.0
        },
        {
            "time": "2025-09-17 21:57:15",
            "admin": "xiangyi",
            "role": "agent",
            "product": "相一古风ai版",
            "price": 298.0,
            "count": 1,
            "revenue": 298.0
        },
        {
            "time": "2025-09-17 23:35:40",
            "admin": "xiangyi",
            "role": "agent",
            "product": "相一古风ai版",
            "price": 298.0,
            "count": 1,
            "revenue": 298.0
        },
        {
            "time": "2025-09-18 00:19:17",
            "admin": "xiangyi",
            "role": "agent",
            "product": "相一古风ai版",
            "price": 298.0,
            "count": 1,
            "revenue": 298.0
        },
        {
            "time": "2025-09-18 00:25:08",
            "admin": "xiangyi",
            "role": "agent",
            "product": "相一古风ai版",
            "price": 298.0,
            "count": 1,
            "revenue": 298.0
        },
        {
            "time": "2025-09-18 00:32:52",
            "admin": "xiangyi",
            "role": "agent",
            "product": "相一古风ai版",
            "price": 298.0,
            "count": 1,
            "revenue": 298.0
        },
        {
            "time": "2025-09-18 00:32:54",
            "admin": "xiangyi",
            "role": "agent",
            "product": "相一古风ai版",
            "price": 298.0,
            "count": 1,
            "revenue": 298.0
        },
        {
            "time": "2025-09-18 00:32:55",
            "admin": "xiangyi",
            "role": "agent",
            "product": "相一古风ai版",
            "price": 298.0,
            "count": 1,
            "revenue": 298.0
        },
        {
            "time": "2025-09-18 00:32:57",
            "admin": "xiangyi",
            "role": "agent",
            "product": "相一古风ai版",
            "price": 298.0,
            "count": 1,
            "revenue": 298.0
        },
        {
            "time": "2025-09-18 00:32:58",
            "admin": "xiangyi",
            "role": "agent",
            "product": "相一古风ai版",
            "price": 298.0,
            "count": 1,
            "revenue": 298.0
        },
        {
            "time": "2025-09-18 00:32:59",
            "admin": "xiangyi",
            "role": "agent",
            "product": "相一古风ai版",
            "price": 298.0,
            "count": 1,
            "revenue": 298.0
        },
        {
            "time": "2025-09-18 00:33:01",
            "admin": "xiangyi",
            "role": "agent",
            "product": "相一古风ai版",
            "price": 298.0,
            "count": 1,
            "revenue": 298.0
        },
        {
            "time": "2025-09-18 00:33:02",
            "admin": "xiangyi",
            "role": "agent",
            "product": "相一古风ai版",
            "price": 298.0,
            "count": 1,
            "revenue": 298.0
        },
        {
            "time": "2025-09-18 00:33:05",
            "admin": "xiangyi",
            "role": "agent",
            "product": "相一古风ai版",
            "price": 298.0,
            "count": 1,
            "revenue": 298.0
        },
        {
            "time": "2025-09-18 00:39:38",
            "admin": "xiangyi",
            "role": "agent",
            "product": "相一古风ai版",
            "price": 298.0,
            "count": 1,
            "revenue": 298.0
        },
        {
            "time": "2025-09-18 00:40:55",
            "admin": "xiangyi",
            "role": "agent",
            "product": "相一古风ai版",
            "price": 298.0,
            "count": 1,
            "revenue": 298.0
        },
        {
            "time": "2025-09-18 08:11:27",
            "admin": "xiangyi",
            "role": "agent",
            "product": "相一古风ai版",
            "price": 298.0,
            "count": 1,
            "revenue": 298.0
        },
        {
            "time": "2025-09-18 08:12:35",
            "admin": "xiangyi",
            "role": "agent",
            "product": "相一古风ai版",
            "price": 298.0,
            "count": 1,
            "revenue": 298.0
        },
        {
            "time": "2025-09-18 08:14:30",
            "admin": "xiangyi",
            "role": "agent",
            "product": "相一古风ai版",
            "price": 298.0,
            "count": 1,
            "revenue": 298.0
        },
        {
            "time": "2025-09-18 08:22:10",
            "admin": "xiangyi",
            "role": "agent",
            "product": "相一古风ai版",
            "price": 298.0,
            "count": 1,
            "revenue": 298.0
        },
        {
            "time": "2025-09-18 08:22:17",
            "admin": "xiangyi",
            "role": "agent",
            "product": "相一古风ai版",
            "price": 298.0,
            "count": 1,
            "revenue": 298.0
        },
        {
            "time": "2025-09-18 08:22:27",
            "admin": "xiangyi",
            "role": "agent",
            "product": "相一古风ai版",
            "price": 298.0,
            "count": 1,
            "revenue": 298.0
        },
        {
            "time": "2025-09-18 08:22:34",
            "admin": "xiangyi",
            "role": "agent",
            "product": "相一古风ai版",
            "price": 298.0,
            "count": 1,
            "revenue": 298.0
        },
        {
            "time": "2025-09-18 08:22:51",
            "admin": "xiangyi",
            "role": "agent",
            "product": "相一古风ai版",
            "price": 298.0,
            "count": 1,
            "revenue": 298.0
        },
        {
            "time": "2025-09-18 10:29:29",
            "admin": "xiangyi",
            "role": "agent",
            "product": "相一古风ai版",
            "price": 298.0,
            "count": 1,
            "revenue": 298.0
        },
        {
            "time": "2025-09-18 13:04:20",
            "admin": "xiangyi",
            "role": "agent",
            "product": "相一古风ai版",
            "price": 298.0,
            "count": 1,
            "revenue": 298.0
        },
        {
            "time": "2025-09-18 13:05:26",
            "admin": "xiangyi",
            "role": "agent",
            "product": "相一古风ai版",
            "price": 298.0,
            "count": 1,
            "revenue": 298.0
        },
        {
            "time": "2025-09-18 13:53:24",
            "admin": "xiangyi",
            "role": "agent",
            "product": "相一古风ai版",
            "price": 298.0,
            "count": 1,
            "revenue": 298.0
        },
        {
            "time": "2025-09-18 14:02:18",
            "admin": "xiangyi",
            "role": "agent",
            "product": "相一古风ai版",
            "price": 298.0,
            "count": 1,
            "revenue": 298.0
        },
        {
            "time": "2025-09-18 14:17:16",
            "admin": "xiangyi",
            "role": "agent",
            "product": "相一古风ai版",
            "price": 298.0,
            "count": 1,
            "revenue": 298.0
        },
        {
            "time": "2025-09-18 14:34:24",
            "admin": "xiangyi",
            "role": "agent",
            "product": "相一古风ai版",
            "price": 298.0,
            "count": 1,
            "revenue": 298.0
        },
        {
            "time": "2025-09-18 14:36:58",
            "admin": "xiangyi",
            "role": "agent",
            "product": "相一古风ai版",
            "price": 298.0,
            "count": 1,
            "revenue": 298.0
        },
        {
            "time": "2025-09-18 14:48:16",
            "admin": "xiangyi",
            "role": "agent",
            "product": "相一古风ai版",
            "price": 298.0,
            "count": 1,
            "revenue": 298.0
        },
        {
            "time": "2025-09-18 15:03:40",
            "admin": "xiangyi",
            "role": "agent",
            "product": "相一古风ai版",
            "price": 298.0,
            "count": 1,
            "revenue": 298.0
        },
        {
            "time": "2025-09-18 15:09:10",
            "admin": "xiangyi",
            "role": "agent",
            "product": "相一古风ai版",
            "price": 298.0,
            "count": 1,
            "revenue": 298.0
        },
        {
            "time": "2025-09-18 15:49:37",
            "admin": "xiangyi",
            "role": "agent",
            "product": "相一古风ai版",
            "price": 298.0,
            "count": 1,
            "revenue": 298.0
        },
        {
            "time": "2025-09-18 15:58:07",
            "admin": "xiangyi",
            "role": "agent",
            "product": "相一古风ai版",
            "price": 298.0,
            "count": 1,
            "revenue": 298.0
        },
        {
            "time": "2025-09-18 16:51:42",
            "admin": "xiangyi",
            "role": "agent",
            "product": "相一古风ai版",
            "price": 298.0,
            "count": 1,
            "revenue": 298.0
        },
        {
            "time": "2025-09-18 16:51:43",
            "admin": "xiangyi",
            "role": "agent",
            "product": "相一古风ai版",
            "price": 298.0,
            "count": 1,
            "revenue": 298.0
        },
        {
            "time": "2025-09-18 16:51:44",
            "admin": "xiangyi",
            "role": "agent",
            "product": "相一古风ai版",
            "price": 298.0,
            "count": 1,
            "revenue": 298.0
        },
        {
            "time": "2025-09-18 16:51:45",
            "admin": "xiangyi",
            "role": "agent",
            "product": "相一古风ai版",
            "price": 298.0,
            "count": 1,
            "revenue": 298.0
        },
        {
            "time": "2025-09-18 16:51:46",
            "admin": "xiangyi",
            "role": "agent",
            "product": "相一古风ai版",
            "price": 298.0,
            "count": 1,
            "revenue": 298.0
        },
        {
            "time": "2025-09-18 16:53:16",
            "admin": "horsray",
            "agent": "xiangyi",
            "role": "admin",
            "product": "相一古风ai版",
            "price": 298.0,
            "count": 100,
            "revenue": 29800.0
        },
        {
            "time": "2025-09-18 19:32:34",
            "admin": "xiangyi",
            "role": "agent",
            "product": "相一古风ai版",
            "price": 298.0,
            "count": 1,
            "revenue": 298.0
        },
        {
            "time": "2025-09-18 19:32:34",
            "admin": "xiangyi",
            "role": "agent",
            "product": "相一古风ai版",
            "price": 298.0,
            "count": 1,
            "revenue": 298.0
        },
        {
            "time": "2025-09-18 19:32:34",
            "admin": "xiangyi",
            "role": "agent",
            "product": "相一古风ai版",
            "price": 298.0,
            "count": 1,
            "revenue": 298.0
        },
        {
            "time": "2025-09-18 19:32:34",
            "admin": "xiangyi",
            "role": "agent",
            "product": "相一古风ai版",
            "price": 298.0,
            "count": 1,
            "revenue": 298.0
        },
        {
            "time": "2025-09-18 19:32:34",
            "admin": "xiangyi",
            "role": "agent",
            "product": "相一古风ai版",
            "price": 298.0,
            "count": 1,
            "revenue": 298.0
        },
        {
            "time": "2025-09-18 19:32:57",
            "admin": "xiangyi",
            "role": "agent",
            "product": "相一古风ai版",
            "price": 298.0,
            "count": 1,
            "revenue": 298.0
        },
        {
            "time": "2025-09-18 19:32:57",
            "admin": "xiangyi",
            "role": "agent",
            "product": "相一古风ai版",
            "price": 298.0,
            "count": 1,
            "revenue": 298.0
        },
        {
            "time": "2025-09-18 19:32:57",
            "admin": "xiangyi",
            "role": "agent",
            "product": "相一古风ai版",
            "price": 298.0,
            "count": 1,
            "revenue": 298.0
        },
        {
            "time": "2025-09-18 19:32:57",
            "admin": "xiangyi",
            "role": "agent",
            "product": "相一古风ai版",
            "price": 298.0,
            "count": 1,
            "revenue": 298.0
        },
        {
            "time": "2025-09-18 19:32:57",
            "admin": "xiangyi",
            "role": "agent",
            "product": "相一古风ai版",
            "price": 298.0,
            "count": 1,
            "revenue": 298.0
        },
        {
            "time": "2025-09-18 19:32:57",
            "admin": "xiangyi",
            "role": "agent",
            "product": "相一古风ai版",
            "price": 298.0,
            "count": 1,
            "revenue": 298.0
        },
        {
            "time": "2025-09-18 19:32:57",
            "admin": "xiangyi",
            "role": "agent",
            "product": "相一古风ai版",
            "price": 298.0,
            "count": 1,
            "revenue": 298.0
        },
        {
            "time": "2025-09-18 19:32:57",
            "admin": "xiangyi",
            "role": "agent",
            "product": "相一古风ai版",
            "price": 298.0,
            "count": 1,
            "revenue": 298.0
        },
        {
            "time": "2025-09-18 19:32:57",
            "admin": "xiangyi",
            "role": "agent",
            "product": "相一古风ai版",
            "price": 298.0,
            "count": 1,
            "revenue": 298.0
        },
        {
            "time": "2025-09-18 19:32:57",
            "admin": "xiangyi",
            "role": "agent",
            "product": "相一古风ai版",
            "price": 298.0,
            "count": 1,
            "revenue": 298.0
        },
        {
            "time": "2025-09-18 19:32:57",
            "admin": "xiangyi",
            "role": "agent",
            "product": "相一古风ai版",
            "price": 298.0,
            "count": 1,
            "revenue": 298.0
        },
        {
            "time": "2025-09-18 19:32:57",
            "admin": "xiangyi",
            "role": "agent",
            "product": "相一古风ai版",
            "price": 298.0,
            "count": 1,
            "revenue": 298.0
        },
        {
            "time": "2025-09-18 19:32:57",
            "admin": "xiangyi",
            "role": "agent",
            "product": "相一古风ai版",
            "price": 298.0,
            "count": 1,
            "revenue": 298.0
        },
        {
            "time": "2025-09-18 19:32:57",
            "admin": "xiangyi",
            "role": "agent",
            "product": "相一古风ai版",
            "price": 298.0,
            "count": 1,
            "revenue": 298.0
        },
        {
            "time": "2025-09-18 19:32:57",
            "admin": "xiangyi",
            "role": "agent",
            "product": "相一古风ai版",
            "price": 298.0,
            "count": 1,
            "revenue": 298.0
        },
        {
            "time": "2025-09-18 19:32:57",
            "admin": "xiangyi",
            "role": "agent",
            "product": "相一古风ai版",
            "price": 298.0,
            "count": 1,
            "revenue": 298.0
        },
        {
            "time": "2025-09-18 19:32:57",
            "admin": "xiangyi",
            "role": "agent",
            "product": "相一古风ai版",
            "price": 298.0,
            "count": 1,
            "revenue": 298.0
        },
        {
            "time": "2025-09-18 19:32:57",
            "admin": "xiangyi",
            "role": "agent",
            "product": "相一古风ai版",
            "price": 298.0,
            "count": 1,
            "revenue": 298.0
        },
        {
            "time": "2025-09-18 19:32:57",
            "admin": "xiangyi",
            "role": "agent",
            "product": "相一古风ai版",
            "price": 298.0,
            "count": 1,
            "revenue": 298.0
        },
        {
            "time": "2025-09-18 19:32:57",
            "admin": "xiangyi",
            "role": "agent",
            "product": "相一古风ai版",
            "price": 298.0,
            "count": 1,
            "revenue": 298.0
        },
        {
            "time": "2025-09-18 19:33:37",
            "admin": "xiangyi",
            "role": "agent",
            "product": "相一古风ai版",
            "price": 298.0,
            "count": 1,
            "revenue": 298.0
        },
        {
            "time": "2025-09-18 19:33:37",
            "admin": "xiangyi",
            "role": "agent",
            "product": "相一古风ai版",
            "price": 298.0,
            "count": 1,
            "revenue": 298.0
        },
        {
            "time": "2025-09-18 19:33:37",
            "admin": "xiangyi",
            "role": "agent",
            "product": "相一古风ai版",
            "price": 298.0,
            "count": 1,
            "revenue": 298.0
        },
        {
            "time": "2025-09-18 19:33:37",
            "admin": "xiangyi",
            "role": "agent",
            "product": "相一古风ai版",
            "price": 298.0,
            "count": 1,
            "revenue": 298.0
        },
        {
            "time": "2025-09-18 19:33:37",
            "admin": "xiangyi",
            "role": "agent",
            "product": "相一古风ai版",
            "price": 298.0,
            "count": 1,
            "revenue": 298.0
        },
        {
            "time": "2025-09-18 19:33:37",
            "admin": "xiangyi",
            "role": "agent",
            "product": "相一古风ai版",
            "price": 298.0,
            "count": 1,
            "revenue": 298.0
        },
        {
            "time": "2025-09-18 19:33:37",
            "admin": "xiangyi",
            "role": "agent",
            "product": "相一古风ai版",
            "price": 298.0,
            "count": 1,
            "revenue": 298.0
        },
        {
            "time": "2025-09-18 19:33:37",
            "admin": "xiangyi",
            "role": "agent",
            "product": "相一古风ai版",
            "price": 298.0,
            "count": 1,
            "revenue": 298.0
        },
        {
            "time": "2025-09-18 19:33:37",
            "admin": "xiangyi",
            "role": "agent",
            "product": "相一古风ai版",
            "price": 298.0,
            "count": 1,
            "revenue": 298.0
        },
        {
            "time": "2025-09-18 19:33:37",
            "admin": "xiangyi",
            "role": "agent",
            "product": "相一古风ai版",
            "price": 298.0,
            "count": 1,
            "revenue": 298.0
        },
        {
            "time": "2025-09-18 19:33:37",
            "admin": "xiangyi",
            "role": "agent",
            "product": "相一古风ai版",
            "price": 298.0,
            "count": 1,
            "revenue": 298.0
        },
        {
            "time": "2025-09-18 19:33:37",
            "admin": "xiangyi",
            "role": "agent",
            "product": "相一古风ai版",
            "price": 298.0,
            "count": 1,
            "revenue": 298.0
        },
        {
            "time": "2025-09-18 19:33:37",
            "admin": "xiangyi",
            "role": "agent",
            "product": "相一古风ai版",
            "price": 298.0,
            "count": 1,
            "revenue": 298.0
        },
        {
            "time": "2025-09-18 19:33:37",
            "admin": "xiangyi",
            "role": "agent",
            "product": "相一古风ai版",
            "price": 298.0,
            "count": 1,
            "revenue": 298.0
        },
        {
            "time": "2025-09-18 19:33:37",
            "admin": "xiangyi",
            "role": "agent",
            "product": "相一古风ai版",
            "price": 298.0,
            "count": 1,
            "revenue": 298.0
        },
        {
            "time": "2025-09-18 19:33:37",
            "admin": "xiangyi",
            "role": "agent",
            "product": "相一古风ai版",
            "price": 298.0,
            "count": 1,
            "revenue": 298.0
        },
        {
            "time": "2025-09-18 19:33:37",
            "admin": "xiangyi",
            "role": "agent",
            "product": "相一古风ai版",
            "price": 298.0,
            "count": 1,
            "revenue": 298.0
        },
        {
            "time": "2025-09-18 19:33:37",
            "admin": "xiangyi",
            "role": "agent",
            "product": "相一古风ai版",
            "price": 298.0,
            "count": 1,
            "revenue": 298.0
        },
        {
            "time": "2025-09-18 19:33:37",
            "admin": "xiangyi",
            "role": "agent",
            "product": "相一古风ai版",
            "price": 298.0,
            "count": 1,
            "revenue": 298.0
        },
        {
            "time": "2025-09-18 19:33:37",
            "admin": "xiangyi",
            "role": "agent",
            "product": "相一古风ai版",
            "price": 298.0,
            "count": 1,
            "revenue": 298.0
        },
        {
            "time": "2025-09-18 19:50:25",
            "admin": "xiangyi",
            "role": "agent",
            "product": "相一古风ai版",
            "price": 298.0,
            "count": 1,
            "revenue": 298.0
        },
        {
            "time": "2025-09-18 20:24:38",
            "admin": "xiangyi",
            "role": "agent",
            "product": "相一古风ai版",
            "price": 298.0,
            "count": 1,
            "revenue": 298.0
        },
        {
            "time": "2025-09-18 21:18:58",
            "admin": "xiangyi",
            "role": "agent",
            "product": "相一古风ai版",
            "price": 298.0,
            "count": 1,
            "revenue": 298.0
        },
        {
            "time": "2025-09-18 21:52:49",
            "admin": "15289377772",
            "role": "agent",
            "product": "绘影AI摄影",
            "price": 298.0,
            "count": 1,
            "revenue": 298.0
        },
        {
            "time": "2025-09-18 22:11:38",
            "admin": "xiangyi",
            "role": "agent",
            "product": "相一古风ai版",
            "price": 298.0,
            "count": 1,
            "revenue": 298.0
        },
        {
            "time": "2025-09-18 22:19:05",
            "admin": "xiangyi",
            "role": "agent",
            "product": "相一古风ai版",
            "price": 298.0,
            "count": 1,
            "revenue": 298.0
        },
        {
            "time": "2025-09-18 22:54:46",
            "admin": "xiangyi",
            "role": "agent",
            "product": "相一古风ai版",
            "price": 298.0,
            "count": 1,
            "revenue": 298.0
        },
        {
            "time": "2025-09-18 23:21:23",
            "admin": "horsray",
            "product": "绘影AI摄影",
            "price": 248.0,
            "count": 1,
            "revenue": 248.0,
            "role": "admin"
        },
        {
            "time": "2025-09-19 09:14:14",
            "admin": "xiangyi",
            "role": "agent",
            "product": "相一古风ai版",
            "price": 298.0,
            "count": 1,
            "revenue": 298.0
        },
        {
            "time": "2025-09-19 11:39:31",
            "admin": "xiangyi",
            "role": "agent",
            "product": "相一古风ai版",
            "price": 298.0,
            "count": 1,
            "revenue": 298.0
        },
        {
            "time": "2025-09-19 12:13:57",
            "admin": "xiangyi",
            "role": "agent",
            "product": "相一古风ai版",
            "price": 298.0,
            "count": 1,
            "revenue": 298.0
        },
        {
            "time": "2025-09-19 13:14:45",
            "admin": "xiangyi",
            "role": "agent",
            "product": "相一古风ai版",
            "price": 298.0,
            "count": 1,
            "revenue": 298.0
        },
        {
            "time": "2025-09-19 13:19:35",
            "admin": "xiangyi",
            "role": "agent",
            "product": "相一古风ai版",
            "price": 298.0,
            "count": 1,
            "revenue": 298.0
        },
        {
            "time": "2025-09-19 13:37:11",
            "admin": "xiangyi",
            "role": "agent",
            "product": "相一古风ai版",
            "price": 298.0,
            "count": 1,
            "revenue": 298.0
        },
        {
            "time": "2025-09-19 14:14:29",
            "admin": "xiangyi",
            "role": "agent",
            "product": "相一古风ai版",
            "price": 298.0,
            "count": 1,
            "revenue": 298.0
        },
        {
            "time": "2025-09-19 14:39:36",
            "admin": "xiangyi",
            "role": "agent",
            "product": "相一古风ai版",
            "price": 298.0,
            "count": 1,
            "revenue": 298.0
        },
        {
            "time": "2025-09-19 15:11:24",
            "admin": "xiangyi",
            "role": "agent",
            "product": "相一古风ai版",
            "price": 298.0,
            "count": 1,
            "revenue": 298.0
        },
        {
            "time": "2025-09-19 16:14:54",
            "admin": "xiangyi",
            "role": "agent",
            "product": "相一古风ai版",
            "price": 298.0,
            "count": 1,
            "revenue": 298.0
        },
        {
            "time": "2025-09-19 16:29:28",
            "admin": "xiangyi",
            "role": "agent",
            "product": "相一古风ai版",
            "price": 298.0,
            "count": 1,
            "revenue": 298.0
        },
        {
            "time": "2025-09-19 16:33:36",
            "admin": "xiangyi",
            "role": "agent",
            "product": "相一古风ai版",
            "price": 298.0,
            "count": 1,
            "revenue": 298.0
        },
        {
            "time": "2025-09-19 16:37:27",
            "admin": "xiangyi",
            "role": "agent",
            "product": "相一古风ai版",
            "price": 298.0,
            "count": 1,
            "revenue": 298.0
        },
        {
            "time": "2025-09-19 18:09:23",
            "admin": "xiangyi",
            "role": "agent",
            "product": "相一古风ai版",
            "price": 298.0,
            "count": 1,
            "revenue": 298.0
        },
        {
            "time": "2025-09-19 18:50:42",
            "admin": "xiangyi",
            "role": "agent",
            "product": "相一古风ai版",
            "price": 298.0,
            "count": 1,
            "revenue": 298.0
        },
        {
            "time": "2025-09-19 19:00:14",
            "admin": "xiangyi",
            "role": "agent",
            "product": "相一古风ai版",
            "price": 298.0,
            "count": 1,
            "revenue": 298.0
        },
        {
            "time": "2025-09-19 19:32:53",
            "admin": "xiangyi",
            "role": "agent",
            "product": "相一古风ai版",
            "price": 298.0,
            "count": 1,
            "revenue": 298.0
        },
        {
            "time": "2025-09-19 20:17:32",
            "admin": "xiangyi",
            "role": "agent",
            "product": "相一古风ai版",
            "price": 298.0,
            "count": 1,
            "revenue": 298.0
        },
        {
            "time": "2025-09-19 20:29:29",
            "admin": "xiangyi",
            "role": "agent",
            "product": "相一古风ai版",
            "price": 298.0,
            "count": 1,
            "revenue": 298.0
        },
        {
            "time": "2025-09-19 20:51:28",
            "admin": "xiangyi",
            "role": "agent",
            "product": "相一古风ai版",
            "price": 298.0,
            "count": 1,
            "revenue": 298.0
        },
        {
            "time": "2025-09-19 21:33:30",
            "admin": "horsray",
            "role": "admin",
            "product": "绘影AI摄影",
            "price": 0.0,
            "count": 1,
            "revenue": 0.0
        },
        {
            "time": "2025-09-19 21:52:21",
            "admin": "xiangyi",
            "role": "agent",
            "product": "相一古风ai版",
            "price": 298.0,
            "count": 1,
            "revenue": 298.0
        },
        {
            "time": "2025-09-19 22:08:33",
            "admin": "xiangyi",
            "role": "agent",
            "product": "相一古风ai版",
            "price": 298.0,
            "count": 1,
            "revenue": 298.0
        },
        {
            "time": "2025-09-19 22:33:15",
            "admin": "xiangyi",
            "role": "agent",
            "product": "相一古风ai版",
            "price": 298.0,
            "count": 1,
            "revenue": 298.0
        },
        {
            "time": "2025-09-19 22:35:48",
            "admin": "xiangyi",
            "role": "agent",
            "product": "相一古风ai版",
            "price": 298.0,
            "count": 1,
            "revenue": 298.0
        },
        {
            "time": "2025-09-19 22:36:50",
            "admin": "xiangyi",
            "role": "agent",
            "product": "相一古风ai版",
            "price": 298.0,
            "count": 1,
            "revenue": 298.0
        },
        {
            "time": "2025-09-19 23:05:04",
            "admin": "xiangyi",
            "role": "agent",
            "product": "相一古风ai版",
            "price": 298.0,
            "count": 1,
            "revenue": 298.0
        },
        {
            "time": "2025-09-20 00:19:36",
            "admin": "15289377772",
            "role": "agent",
            "product": "绘影AI摄影",
            "price": 298.0,
            "count": 1,
            "revenue": 298.0
        },
        {
            "time": "2025-09-20 00:49:38",
            "admin": "15289377772",
            "role": "agent",
            "product": "绘影AI摄影",
            "price": 298.0,
            "count": 1,
            "revenue": 298.0
        },
        {
            "time": "2025-09-20 08:32:33",
            "admin": "xiangyi",
            "role": "agent",
            "product": "相一古风ai版",
            "price": 298.0,
            "count": 1,
            "revenue": 298.0
        },
        {
            "time": "2025-09-20 09:36:19",
            "admin": "xiangyi",
            "role": "agent",
            "product": "相一古风ai版",
            "price": 298.0,
            "count": 1,
            "revenue": 298.0
        },
        {
            "time": "2025-09-20 11:22:01",
            "admin": "xiangyi",
            "role": "agent",
            "product": "相一古风ai版",
            "price": 298.0,
            "count": 1,
            "revenue": 298.0
        },
        {
            "time": "2025-09-20 12:14:59",
            "admin": "xiangyi",
            "role": "agent",
            "product": "相一古风ai版",
            "price": 298.0,
            "count": 1,
            "revenue": 298.0
        },
        {
            "time": "2025-09-20 12:41:46",
            "admin": "xiangyi",
            "role": "agent",
            "product": "相一古风ai版",
            "price": 298.0,
            "count": 1,
            "revenue": 298.0
        },
        {
            "time": "2025-09-20 12:48:59",
            "admin": "xiangyi",
            "role": "agent",
            "product": "相一古风ai版",
            "price": 298.0,
            "count": 1,
            "revenue": 298.0
        },
        {
            "time": "2025-09-20 15:35:22",
            "admin": "xiangyi",
            "role": "agent",
            "product": "相一古风ai版",
            "price": 298.0,
            "count": 1,
            "revenue": 298.0
        },
        {
            "time": "2025-09-20 17:04:00",
            "admin": "xiangyi",
            "role": "agent",
            "product": "相一古风ai版",
            "price": 298.0,
            "count": 1,
            "revenue": 298.0
        },
        {
            "time": "2025-09-20 17:06:27",
            "admin": "xiangyi",
            "role": "agent",
            "product": "相一古风ai版",
            "price": 298.0,
            "count": 1,
            "revenue": 298.0
        },
        {
            "time": "2025-09-20 17:54:16",
            "admin": "xiangyi",
            "role": "agent",
            "product": "相一古风ai版",
            "price": 298.0,
            "count": 1,
            "revenue": 298.0
        },
        {
            "time": "2025-09-20 17:55:57",
            "admin": "xiangyi",
            "role": "agent",
            "product": "相一古风ai版",
            "price": 298.0,
            "count": 1,
            "revenue": 298.0
        },
        {
            "time": "2025-09-20 18:19:30",
            "admin": "xiangyi",
            "role": "agent",
            "product": "相一古风ai版",
            "price": 298.0,
            "count": 1,
            "revenue": 298.0
        },
        {
            "time": "2025-09-20 18:34:05",
            "admin": "xiangyi",
            "role": "agent",
            "product": "相一古风ai版",
            "price": 298.0,
            "count": 1,
            "revenue": 298.0
        },
        {
            "time": "2025-09-20 18:59:22",
            "admin": "xiangyi",
            "role": "agent",
            "product": "相一古风ai版",
            "price": 298.0,
            "count": 1,
            "revenue": 298.0
        },
        {
            "time": "2025-09-20 19:13:41",
            "admin": "xiangyi",
            "role": "agent",
            "product": "相一古风ai版",
            "price": 298.0,
            "count": 1,
            "revenue": 298.0
        },
        {
            "time": "2025-09-20 19:46:54",
            "admin": "xiangyi",
            "role": "agent",
            "product": "相一古风ai版",
            "price": 298.0,
            "count": 1,
            "revenue": 298.0
        },
        {
            "time": "2025-09-20 20:36:36",
            "admin": "peidong",
            "role": "agent",
            "product": "绘影AI摄影",
            "price": 298.0,
            "count": 1,
            "revenue": 298.0
        },
        {
            "time": "2025-09-20 20:55:53",
            "admin": "xiangyi",
            "role": "agent",
            "product": "相一古风ai版",
            "price": 298.0,
            "count": 1,
            "revenue": 298.0
        },
        {
            "time": "2025-09-20 23:46:52",
            "admin": "xiangyi",
            "role": "agent",
            "product": "相一古风ai版",
            "price": 298.0,
            "count": 1,
            "revenue": 298.0
        },
        {
            "time": "2025-09-21 00:19:32",
            "admin": "xiangyi",
            "role": "agent",
            "product": "相一古风ai版",
            "price": 298.0,
            "count": 1,
            "revenue": 298.0
        },
        {
            "time": "2025-09-21 08:19:27",
            "admin": "xiangyi",
            "role": "agent",
            "product": "相一古风ai版",
            "price": 298.0,
            "count": 1,
            "revenue": 298.0
        },
        {
            "time": "2025-09-21 08:44:49",
            "admin": "xiangyi",
            "role": "agent",
            "product": "相一古风ai版",
            "price": 298.0,
            "count": 1,
            "revenue": 298.0
        },
        {
            "time": "2025-09-21 08:49:37",
            "admin": "xiangyi",
            "role": "agent",
            "product": "相一古风ai版",
            "price": 298.0,
            "count": 1,
            "revenue": 298.0
        },
        {
            "time": "2025-09-21 12:28:33",
            "admin": "xiangyi",
            "role": "agent",
            "product": "相一古风ai版",
            "price": 298.0,
            "count": 1,
            "revenue": 298.0
        },
        {
            "time": "2025-09-21 12:35:30",
            "admin": "15289377772",
            "role": "agent",
            "product": "绘影AI摄影",
            "price": 298.0,
            "count": 1,
            "revenue": 298.0
        },
        {
            "time": "2025-09-21 13:57:00",
            "admin": "xiangyi",
            "role": "agent",
            "product": "相一古风ai版",
            "price": 298.0,
            "count": 1,
            "revenue": 298.0
        },
        {
            "time": "2025-09-21 13:57:49",
            "admin": "xiangyi",
            "role": "agent",
            "product": "相一古风ai版",
            "price": 298.0,
            "count": 1,
            "revenue": 298.0
        },
        {
            "time": "2025-09-21 17:16:34",
            "admin": "horsray",
            "agent": "xiangyi",
            "role": "admin",
            "product": "花生国风AI",
            "price": 298.0,
            "count": 100,
            "revenue": 29800.0
        },
        {
            "time": "2025-09-21 17:20:45",
            "admin": "xiangyi",
            "role": "agent",
            "product": "花生国风AI",
            "price": 298.0,
            "count": 1,
            "revenue": 298.0
        },
        {
            "time": "2025-09-21 17:33:13",
            "admin": "xiangyi",
            "role": "agent",
            "product": "花生国风AI",
            "price": 298.0,
            "count": 1,
            "revenue": 298.0
        },
        {
            "time": "2025-09-21 18:23:25",
            "admin": "xiangyi",
            "role": "agent",
            "product": "花生国风AI",
            "price": 298.0,
            "count": 1,
            "revenue": 298.0
        },
        {
            "time": "2025-09-21 19:17:38",
            "admin": "xiangyi",
            "role": "agent",
            "product": "花生国风AI",
            "price": 298.0,
            "count": 1,
            "revenue": 298.0
        },
        {
            "time": "2025-09-21 19:26:30",
            "admin": "xiangyi",
            "role": "agent",
            "product": "花生国风AI",
            "price": 298.0,
            "count": 1,
            "revenue": 298.0
        },
        {
            "time": "2025-09-21 19:36:10",
            "admin": "xiangyi",
            "role": "agent",
            "product": "花生国风AI",
            "price": 298.0,
            "count": 1,
            "revenue": 298.0
        },
        {
            "time": "2025-09-21 19:57:57",
            "admin": "xiangyi",
            "role": "agent",
            "product": "花生国风AI",
            "price": 298.0,
            "count": 1,
            "revenue": 298.0
        },
        {
            "time": "2025-09-21 20:59:58",
            "admin": "xiangyi",
            "role": "agent",
            "product": "花生国风AI",
            "price": 298.0,
            "count": 1,
            "revenue": 298.0
        },
        {
            "time": "2025-09-21 21:50:38",
            "admin": "xiangyi",
            "role": "agent",
            "product": "花生国风AI",
            "price": 298.0,
            "count": 1,
            "revenue": 298.0
        },
        {
            "time": "2025-09-21 21:52:02",
            "admin": "xiangyi",
            "role": "agent",
            "product": "花生国风AI",
            "price": 298.0,
            "count": 1,
            "revenue": 298.0
        },
        {
            "time": "2025-09-21 22:10:24",
            "admin": "xiangyi",
            "role": "agent",
            "product": "花生国风AI",
            "price": 298.0,
            "count": 1,
            "revenue": 298.0
        },
        {
            "time": "2025-09-21 22:31:59",
            "admin": "xiangyi",
            "role": "agent",
            "product": "花生国风AI",
            "price": 298.0,
            "count": 1,
            "revenue": 298.0
        },
        {
            "time": "2025-09-21 22:41:06",
            "admin": "xiangyi",
            "role": "agent",
            "product": "花生国风AI",
            "price": 298.0,
            "count": 1,
            "revenue": 298.0
        },
        {
            "time": "2025-09-22 09:31:11",
            "admin": "xiangyi",
            "role": "agent",
            "product": "花生国风AI",
            "price": 298.0,
            "count": 1,
            "revenue": 298.0
        },
        {
            "time": "2025-09-22 09:38:25",
            "admin": "xiangyi",
            "role": "agent",
            "product": "花生国风AI",
            "price": 298.0,
            "count": 1,
            "revenue": 298.0
        },
        {
            "time": "2025-09-22 10:29:51",
            "admin": "xiangyi",
            "role": "agent",
            "product": "花生国风AI",
            "price": 298.0,
            "count": 1,
            "revenue": 298.0
        },
        {
            "time": "2025-09-22 11:00:42",
            "admin": "xiangyi",
            "role": "agent",
            "product": "花生国风AI",
            "price": 298.0,
            "count": 1,
            "revenue": 298.0
        },
        {
            "time": "2025-09-22 11:01:33",
            "admin": "xiangyi",
            "role": "agent",
            "product": "花生国风AI",
            "price": 298.0,
            "count": 1,
            "revenue": 298.0
        },
        {
            "time": "2025-09-22 12:12:06",
            "admin": "xiangyi",
            "role": "agent",
            "product": "花生国风AI",
            "price": 298.0,
            "count": 1,
            "revenue": 298.0
        },
        {
            "time": "2025-09-22 12:27:08",
            "admin": "xiangyi",
            "role": "agent",
            "product": "花生国风AI",
            "price": 298.0,
            "count": 1,
            "revenue": 298.0
        },
        {
            "time": "2025-09-22 12:40:27",
            "admin": "xiangyi",
            "role": "agent",
            "product": "花生国风AI",
            "price": 298.0,
            "count": 1,
            "revenue": 298.0
        },
        {
            "time": "2025-09-22 12:42:03",
            "admin": "xiangyi",
            "role": "agent",
            "product": "花生国风AI",
            "price": 298.0,
            "count": 1,
            "revenue": 298.0
        },
        {
            "time": "2025-09-22 12:59:23",
            "admin": "xiangyi",
            "role": "agent",
            "product": "花生国风AI",
            "price": 298.0,
            "count": 1,
            "revenue": 298.0
        },
        {
            "time": "2025-09-22 13:37:38",
            "admin": "peidong",
            "role": "agent",
            "product": "绘影AI摄影",
            "price": 298.0,
            "count": 1,
            "revenue": 298.0
        },
        {
            "time": "2025-09-22 14:02:09",
            "admin": "horsray",
            "agent": "youyou",
            "role": "admin",
            "product": "花生国风AI",
            "price": 99.0,
            "count": 3,
            "revenue": 297.0
        },
        {
            "time": "2025-09-22 14:20:34",
            "admin": "xiangyi",
            "role": "agent",
            "product": "花生国风AI",
            "price": 298.0,
            "count": 1,
            "revenue": 298.0
        },
        {
            "time": "2025-09-22 14:22:54",
            "admin": "xiangyi",
            "role": "agent",
            "product": "花生国风AI",
            "price": 298.0,
            "count": 1,
            "revenue": 298.0
        },
        {
            "time": "2025-09-22 14:55:39",
            "admin": "xiangyi",
            "role": "agent",
            "product": "花生国风AI",
            "price": 298.0,
            "count": 1,
            "revenue": 298.0
        },
        {
            "time": "2025-09-22 14:56:08",
            "admin": "xiangyi",
            "role": "agent",
            "product": "花生国风AI",
            "price": 298.0,
            "count": 1,
            "revenue": 298.0
        },
        {
            "time": "2025-09-22 15:25:51",
            "admin": "15289377772",
            "role": "agent",
            "product": "绘影AI摄影",
            "price": 298.0,
            "count": 1,
            "revenue": 298.0
        },
        {
            "time": "2025-09-22 15:45:10",
            "admin": "xiangyi",
            "role": "agent",
            "product": "花生国风AI",
            "price": 298.0,
            "count": 1,
            "revenue": 298.0
        },
        {
            "time": "2025-09-22 16:36:54",
            "admin": "xiangyi",
            "role": "agent",
            "product": "花生国风AI",
            "price": 298.0,
            "count": 1,
            "revenue": 298.0
        },
        {
            "time": "2025-09-22 16:40:59",
            "admin": "xiangyi",
            "role": "agent",
            "product": "花生国风AI",
            "price": 298.0,
            "count": 1,
            "revenue": 298.0
        },
        {
            "time": "2025-09-22 17:40:44",
            "admin": "xiangyi",
            "role": "agent",
            "product": "花生国风AI",
            "price": 298.0,
            "count": 1,
            "revenue": 298.0
        },
        {
            "time": "2025-09-22 17:41:24",
            "admin": "xiangyi",
            "role": "agent",
            "product": "花生国风AI",
            "price": 298.0,
            "count": 1,
            "revenue": 298.0
        },
        {
            "time": "2025-09-22 17:42:35",
            "admin": "xiangyi",
            "role": "agent",
            "product": "花生国风AI",
            "price": 298.0,
            "count": 1,
            "revenue": 298.0
        },
        {
            "time": "2025-09-22 17:45:52",
            "admin": "xiangyi",
            "role": "agent",
            "product": "花生国风AI",
            "price": 298.0,
            "count": 1,
            "revenue": 298.0
        },
        {
            "time": "2025-09-22 18:03:56",
            "admin": "15289377772",
            "role": "agent",
            "product": "绘影AI摄影",
            "price": 298.0,
            "count": 1,
            "revenue": 298.0
        },
        {
            "time": "2025-09-22 18:22:55",
            "admin": "xiangyi",
            "role": "agent",
            "product": "花生国风AI",
            "price": 298.0,
            "count": 1,
            "revenue": 298.0
        },
        {
            "time": "2025-09-22 18:25:13",
            "admin": "xiangyi",
            "role": "agent",
            "product": "花生国风AI",
            "price": 298.0,
            "count": 1,
            "revenue": 298.0
        },
        {
            "time": "2025-09-22 18:31:02",
            "admin": "xiangyi",
            "role": "agent",
            "product": "花生国风AI",
            "price": 298.0,
            "count": 1,
            "revenue": 298.0
        },
        {
            "time": "2025-09-22 18:50:28",
            "admin": "xiangyi",
            "role": "agent",
            "product": "花生国风AI",
            "price": 298.0,
            "count": 1,
            "revenue": 298.0
        },
        {
            "time": "2025-09-22 23:51:43",
            "admin": "15289377772",
            "role": "agent",
            "product": "绘影AI摄影",
            "price": 298.0,
            "count": 1,
            "revenue": 298.0
        },
        {
            "time": "2025-09-23 08:17:30",
            "admin": "xiangyi",
            "role": "agent",
            "product": "花生国风AI",
            "price": 298.0,
            "count": 1,
            "revenue": 298.0
        },
        {
            "time": "2025-09-23 12:03:52",
            "admin": "xiangyi",
            "role": "agent",
            "product": "花生国风AI",
            "price": 298.0,
            "count": 1,
            "revenue": 298.0
        },
        {
            "time": "2025-09-23 23:33:14",
            "admin": "youyou",
            "role": "agent",
            "product": "花生国风AI",
            "price": 99.0,
            "count": 1,
            "revenue": 99.0
        },
        {
            "time": "2025-09-23 23:33:14",
            "admin": "youyou",
            "role": "agent",
            "product": "花生国风AI",
            "price": 99.0,
            "count": 1,
            "revenue": 99.0
        },
        {
            "time": "2025-09-23 23:54:31",
            "admin": "xiangyi",
            "role": "agent",
            "product": "花生国风AI",
            "price": 298.0,
            "count": 1,
            "revenue": 298.0
        },
        {
            "time": "2025-09-23 23:57:03",
            "admin": "xiangyi",
            "role": "agent",
            "product": "花生国风AI",
            "price": 298.0,
            "count": 1,
            "revenue": 298.0
        },
        {
            "time": "2025-09-23 23:58:01",
            "admin": "xiangyi",
            "role": "agent",
            "product": "花生国风AI",
            "price": 298.0,
            "count": 1,
            "revenue": 298.0
        },
        {
            "time": "2025-09-24 00:10:51",
            "admin": "xiangyi",
            "role": "agent",
            "product": "花生国风AI",
            "price": 298.0,
            "count": 1,
            "revenue": 298.0
        },
        {
            "time": "2025-09-24 00:12:23",
            "admin": "xiangyi",
            "role": "agent",
            "product": "花生国风AI",
            "price": 298.0,
            "count": 1,
            "revenue": 298.0
        },
        {
            "time": "2025-09-24 00:14:35",
            "admin": "xiangyi",
            "role": "agent",
            "product": "花生国风AI",
            "price": 298.0,
            "count": 1,
            "revenue": 298.0
        },
        {
            "time": "2025-09-24 08:56:32",
            "admin": "xiangyi",
            "role": "agent",
            "product": "花生国风AI",
            "price": 298.0,
            "count": 1,
            "revenue": 298.0
        },
        {
            "time": "2025-09-24 10:52:50",
            "admin": "xiangyi",
            "role": "agent",
            "product": "花生国风AI",
            "price": 298.0,
            "count": 1,
            "revenue": 298.0
        },
        {
            "time": "2025-09-24 11:10:41",
            "admin": "xiangyi",
            "role": "agent",
            "product": "花生国风AI",
            "price": 298.0,
            "count": 1,
            "revenue": 298.0
        },
        {
            "time": "2025-09-24 11:40:29",
            "admin": "xiangyi",
            "role": "agent",
            "product": "花生国风AI",
            "price": 298.0,
            "count": 1,
            "revenue": 298.0
        },
        {
            "time": "2025-09-24 12:27:35",
            "admin": "xiangyi",
            "role": "agent",
            "product": "花生国风AI",
            "price": 298.0,
            "count": 1,
            "revenue": 298.0
        },
        {
            "time": "2025-09-24 12:31:12",
            "admin": "xiangyi",
            "role": "agent",
            "product": "花生国风AI",
            "price": 298.0,
            "count": 1,
            "revenue": 298.0
        },
        {
            "time": "2025-09-24 12:32:54",
            "admin": "xiangyi",
            "role": "agent",
            "product": "花生国风AI",
            "price": 298.0,
            "count": 1,
            "revenue": 298.0
        },
        {
            "time": "2025-09-24 17:04:30",
            "admin": "peidong",
            "role": "agent",
            "product": "绘影AI摄影",
            "price": 298.0,
            "count": 1,
            "revenue": 298.0
        },
        {
            "time": "2025-09-24 20:29:05",
            "admin": "xiangyi",
            "role": "agent",
            "product": "花生国风AI",
            "price": 298.0,
            "count": 1,
            "revenue": 298.0
        },
        {
            "time": "2025-09-24 20:33:04",
            "admin": "xiangyi",
            "role": "agent",
            "product": "花生国风AI",
            "price": 298.0,
            "count": 1,
            "revenue": 298.0
        },
        {
            "time": "2025-09-24 20:33:33",
            "admin": "xiangyi",
            "role": "agent",
            "product": "花生国风AI",
            "price": 298.0,
            "count": 1,
            "revenue": 298.0
        },
        {
            "time": "2025-09-24 20:35:16",
            "admin": "xiangyi",
            "role": "agent",
            "product": "花生国风AI",
            "price": 298.0,
            "count": 1,
            "revenue": 298.0
        },
        {
            "time": "2025-09-24 20:36:23",
            "admin": "xiangyi",
            "role": "agent",
            "product": "花生国风AI",
            "price": 298.0,
            "count": 1,
            "revenue": 298.0
        },
        {
            "time": "2025-09-24 20:37:05",
            "admin": "xiangyi",
            "role": "agent",
            "product": "花生国风AI",
            "price": 298.0,
            "count": 1,
            "revenue": 298.0
        },
        {
            "time": "2025-09-24 20:38:05",
            "admin": "xiangyi",
            "role": "agent",
            "product": "花生国风AI",
            "price": 298.0,
            "count": 1,
            "revenue": 298.0
        },
        {
            "time": "2025-09-24 20:39:23",
            "admin": "xiangyi",
            "role": "agent",
            "product": "花生国风AI",
            "price": 298.0,
            "count": 1,
            "revenue": 298.0
        },
        {
            "time": "2025-09-24 20:52:57",
            "admin": "xiangyi",
            "role": "agent",
            "product": "花生国风AI",
            "price": 298.0,
            "count": 1,
            "revenue": 298.0
        },
        {
            "time": "2025-09-24 21:16:08",
            "admin": "xiangyi",
            "role": "agent",
            "product": "花生国风AI",
            "price": 298.0,
            "count": 1,
            "revenue": 298.0
        },
        {
            "time": "2025-09-24 21:44:45",
            "admin": "xiangyi",
            "role": "agent",
            "product": "花生国风AI",
            "price": 298.0,
            "count": 1,
            "revenue": 298.0
        },
        {
            "time": "2025-09-24 22:24:05",
            "admin": "xiangyi",
            "role": "agent",
            "product": "花生国风AI",
            "price": 298.0,
            "count": 1,
            "revenue": 298.0
        },
        {
            "time": "2025-09-24 22:24:05",
            "admin": "xiangyi",
            "role": "agent",
            "product": "花生国风AI",
            "price": 298.0,
            "count": 1,
            "revenue": 298.0
        },
        {
            "time": "2025-09-24 22:24:05",
            "admin": "xiangyi",
            "role": "agent",
            "product": "花生国风AI",
            "price": 298.0,
            "count": 1,
            "revenue": 298.0
        },
        {
            "time": "2025-09-24 22:24:05",
            "admin": "xiangyi",
            "role": "agent",
            "product": "花生国风AI",
            "price": 298.0,
            "count": 1,
            "revenue": 298.0
        },
        {
            "time": "2025-09-24 22:24:05",
            "admin": "xiangyi",
            "role": "agent",
            "product": "花生国风AI",
            "price": 298.0,
            "count": 1,
            "revenue": 298.0
        },
        {
            "time": "2025-09-24 22:24:05",
            "admin": "xiangyi",
            "role": "agent",
            "product": "花生国风AI",
            "price": 298.0,
            "count": 1,
            "revenue": 298.0
        },
        {
            "time": "2025-09-24 22:24:05",
            "admin": "xiangyi",
            "role": "agent",
            "product": "花生国风AI",
            "price": 298.0,
            "count": 1,
            "revenue": 298.0
        },
        {
            "time": "2025-09-24 22:24:05",
            "admin": "xiangyi",
            "role": "agent",
            "product": "花生国风AI",
            "price": 298.0,
            "count": 1,
            "revenue": 298.0
        },
        {
            "time": "2025-09-24 22:24:05",
            "admin": "xiangyi",
            "role": "agent",
            "product": "花生国风AI",
            "price": 298.0,
            "count": 1,
            "revenue": 298.0
        },
        {
            "time": "2025-09-24 22:24:05",
            "admin": "xiangyi",
            "role": "agent",
            "product": "花生国风AI",
            "price": 298.0,
            "count": 1,
            "revenue": 298.0
        },
        {
            "time": "2025-09-24 23:14:03",
            "admin": "xiangyi",
            "role": "agent",
            "product": "花生国风AI",
            "price": 298.0,
            "count": 1,
            "revenue": 298.0
        },
        {
            "time": "2025-09-24 23:26:55",
            "admin": "youyou",
            "role": "agent",
            "product": "花生国风AI",
            "price": 99.0,
            "count": 1,
            "revenue": 99.0
        },
        {
            "time": "2025-09-24 23:43:08",
            "admin": "horsray",
            "agent": "youyou",
            "role": "admin",
            "product": "花生国风AI",
            "price": 100.0,
            "count": 3,
            "revenue": 300.0
        },
        {
            "time": "2025-09-25 08:28:34",
            "admin": "xiangyi",
            "role": "agent",
            "product": "花生国风AI",
            "price": 298.0,
            "count": 1,
            "revenue": 298.0
        },
        {
            "time": "2025-09-25 13:05:08",
            "admin": "xiangyi",
            "role": "agent",
            "product": "花生国风AI",
            "price": 298.0,
            "count": 1,
            "revenue": 298.0
        },
        {
            "time": "2025-09-25 13:06:44",
            "admin": "xiangyi",
            "role": "agent",
            "product": "花生国风AI",
            "price": 298.0,
            "count": 1,
            "revenue": 298.0
        },
        {
            "time": "2025-09-25 14:37:22",
            "admin": "peidong",
            "role": "agent",
            "product": "绘影AI摄影",
            "price": 298.0,
            "count": 1,
            "revenue": 298.0
        },
        {
            "time": "2025-09-25 14:39:23",
            "admin": "horsray",
            "agent": "peidong",
            "role": "admin",
            "product": "绘影AI摄影",
            "price": 298.0,
            "count": 5,
            "revenue": 1490.0
        },
        {
            "time": "2025-09-25 14:57:53",
            "admin": "peidong",
            "role": "agent",
            "product": "绘影AI摄影",
            "price": 298.0,
            "count": 1,
            "revenue": 298.0
        },
        {
            "time": "2025-09-25 16:04:44",
            "admin": "horsray",
            "role": "admin",
            "product": "绘影AI摄影",
            "price": 298.0,
            "count": 1,
            "revenue": 298.0
        },
        {
            "time": "2025-09-25 18:08:26",
            "admin": "xiangyi",
            "role": "agent",
            "product": "花生国风AI",
            "price": 298.0,
            "count": 1,
            "revenue": 298.0
        },
        {
            "time": "2025-09-25 18:41:03",
            "admin": "horsray",
            "agent": "15289377772",
            "role": "admin",
            "product": "花生国风AI",
            "price": 298.0,
            "count": 10,
            "revenue": 2980.0
        },
        {
            "time": "2025-09-25 18:55:06",
            "admin": "xiangyi",
            "role": "agent",
            "product": "花生国风AI",
            "price": 298.0,
            "count": 1,
            "revenue": 298.0
        },
        {
            "time": "2025-09-25 19:18:12",
            "admin": "xiangyi",
            "role": "agent",
            "product": "花生国风AI",
            "price": 298.0,
            "count": 1,
            "revenue": 298.0
        },
        {
            "time": "2025-09-25 19:32:01",
            "admin": "horsray",
            "agent": "you",
            "role": "admin",
            "product": "绘影AI摄影",
            "price": 100.0,
            "count": 1,
            "revenue": 100.0
        },
        {
            "time": "2025-09-25 21:18:48",
            "admin": "xiangyi",
            "role": "agent",
            "product": "花生国风AI",
            "price": 298.0,
            "count": 1,
            "revenue": 298.0
        },
        {
            "time": "2025-09-25 22:06:35",
            "admin": "peidong",
            "role": "agent",
            "product": "绘影AI摄影",
            "price": 298.0,
            "count": 1,
            "revenue": 298.0
        },
        {
            "time": "2025-09-25 22:22:40",
            "admin": "15289377772",
            "role": "agent",
            "product": "绘影AI摄影",
            "price": 298.0,
            "count": 1,
            "revenue": 298.0
        },
        {
            "time": "2025-09-25 22:43:05",
            "admin": "xiangyi",
            "role": "agent",
            "product": "花生国风AI",
            "price": 298.0,
            "count": 1,
            "revenue": 298.0
        },
        {
            "time": "2025-09-25 23:01:14",
            "admin": "horsray",
            "product": "绘影AI摄影",
            "price": 149.0,
            "count": 1,
            "revenue": 149.0,
            "role": "admin"
        },
        {
            "time": "2025-09-25 23:01:18",
            "admin": "horsray",
            "product": "绘影AI摄影",
            "price": 149.0,
            "count": 1,
            "revenue": 149.0,
            "role": "admin"
        },
        {
            "time": "2025-09-25 23:01:20",
            "admin": "horsray",
            "product": "绘影AI摄影",
            "price": 149.0,
            "count": 1,
            "revenue": 149.0,
            "role": "admin"
        },
        {
            "time": "2025-09-25 23:01:20",
            "admin": "horsray",
            "product": "绘影AI摄影",
            "price": 149.0,
            "count": 1,
            "revenue": 149.0,
            "role": "admin"
        },
        {
            "time": "2025-09-25 23:01:20",
            "admin": "horsray",
            "product": "绘影AI摄影",
            "price": 149.0,
            "count": 1,
            "revenue": 149.0,
            "role": "admin"
        },
        {
            "time": "2025-09-25 23:01:21",
            "admin": "horsray",
            "product": "绘影AI摄影",
            "price": 149.0,
            "count": 1,
            "revenue": 149.0,
            "role": "admin"
        },
        {
            "time": "2025-09-25 23:01:23",
            "admin": "horsray",
            "product": "绘影AI摄影",
            "price": 149.0,
            "count": 1,
            "revenue": 149.0,
            "role": "admin"
        },
        {
            "time": "2025-09-25 23:40:55",
            "admin": "xiangyi",
            "role": "agent",
            "product": "花生国风AI",
            "price": 298.0,
            "count": 1,
            "revenue": 298.0
        },
        {
            "time": "2025-09-26 08:18:09",
            "admin": "xiangyi",
            "role": "agent",
            "product": "花生国风AI",
            "price": 298.0,
            "count": 1,
            "revenue": 298.0
        },
        {
            "time": "2025-09-26 11:43:55",
            "admin": "xiangyi",
            "role": "agent",
            "product": "花生国风AI",
            "price": 298.0,
            "count": 1,
            "revenue": 298.0
        },
        {
            "time": "2025-09-26 12:36:05",
            "admin": "xiangyi",
            "role": "agent",
            "product": "花生国风AI",
            "price": 298.0,
            "count": 1,
            "revenue": 298.0
        },
        {
            "time": "2025-09-26 12:36:57",
            "admin": "xiangyi",
            "role": "agent",
            "product": "花生国风AI",
            "price": 298.0,
            "count": 1,
            "revenue": 298.0
        },
        {
            "time": "2025-09-26 12:37:46",
            "admin": "xiangyi",
            "role": "agent",
            "product": "相一古风ai版",
            "price": 298.0,
            "count": 1,
            "revenue": 298.0
        },
        {
            "time": "2025-09-26 13:03:40",
            "admin": "xiangyi",
            "role": "agent",
            "product": "相一古风ai版",
            "price": 298.0,
            "count": 1,
            "revenue": 298.0
        },
        {
            "time": "2025-09-26 13:04:33",
            "admin": "xiangyi",
            "role": "agent",
            "product": "花生国风AI",
            "price": 298.0,
            "count": 1,
            "revenue": 298.0
        },
        {
            "time": "2025-09-26 13:06:15",
            "admin": "xiangyi",
            "role": "agent",
            "product": "花生国风AI",
            "price": 298.0,
            "count": 1,
            "revenue": 298.0
        },
        {
            "time": "2025-09-26 14:04:39",
            "admin": "xiangyi",
            "role": "agent",
            "product": "花生国风AI",
            "price": 298.0,
            "count": 1,
            "revenue": 298.0
        },
        {
            "time": "2025-09-26 14:08:45",
            "admin": "xiangyi",
            "role": "agent",
            "product": "花生国风AI",
            "price": 298.0,
            "count": 1,
            "revenue": 298.0
        },
        {
            "time": "2025-09-26 14:11:03",
            "admin": "xiangyi",
            "role": "agent",
            "product": "花生国风AI",
            "price": 298.0,
            "count": 1,
            "revenue": 298.0
        },
        {
            "time": "2025-09-26 14:23:03",
            "admin": "xiangyi",
            "role": "agent",
            "product": "花生国风AI",
            "price": 298.0,
            "count": 1,
            "revenue": 298.0
        },
        {
            "time": "2025-09-26 14:29:06",
            "admin": "horsray",
            "agent": "you",
            "role": "admin",
            "product": "绘影AI摄影",
            "price": 100.0,
            "count": 2,
            "revenue": 200.0
        },
        {
            "time": "2025-09-26 14:34:57",
            "admin": "you",
            "role": "agent",
            "product": "绘影AI摄影",
            "price": 100.0,
            "count": 1,
            "revenue": 100.0
        },
        {
            "time": "2025-09-26 14:46:16",
            "admin": "xiangyi",
            "role": "agent",
            "product": "花生国风AI",
            "price": 298.0,
            "count": 1,
            "revenue": 298.0
        },
        {
            "time": "2025-09-26 14:53:03",
            "admin": "xiangyi",
            "role": "agent",
            "product": "花生国风AI",
            "price": 298.0,
            "count": 1,
            "revenue": 298.0
        },
        {
            "time": "2025-09-26 18:11:47",
            "admin": "peidong",
            "role": "agent",
            "product": "绘影AI摄影",
            "price": 298.0,
            "count": 1,
            "revenue": 298.0
        },
        {
            "time": "2025-09-26 18:11:52",
            "admin": "peidong",
            "role": "agent",
            "product": "绘影AI摄影",
            "price": 298.0,
            "count": 1,
            "revenue": 298.0
        },
        {
            "time": "2025-09-26 19:33:15",
            "admin": "xiangyi",
            "role": "agent",
            "product": "花生国风AI",
            "price": 298.0,
            "count": 1,
            "revenue": 298.0
        },
        {
            "time": "2025-09-26 19:34:07",
            "admin": "xiangyi",
            "role": "agent",
            "product": "花生国风AI",
            "price": 298.0,
            "count": 1,
            "revenue": 298.0
        },
        {
            "time": "2025-09-26 19:34:53",
            "admin": "xiangyi",
            "role": "agent",
            "product": "花生国风AI",
            "price": 298.0,
            "count": 1,
            "revenue": 298.0
        },
        {
            "time": "2025-09-26 19:38:44",
            "admin": "xiangyi",
            "role": "agent",
            "product": "相一古风ai版",
            "price": 298.0,
            "count": 1,
            "revenue": 298.0
        },
        {
            "time": "2025-09-26 19:39:24",
            "admin": "xiangyi",
            "role": "agent",
            "product": "相一古风ai版",
            "price": 298.0,
            "count": 1,
            "revenue": 298.0
        },
        {
            "time": "2025-09-26 20:07:35",
            "admin": "xiangyi",
            "role": "agent",
            "product": "相一古风ai版",
            "price": 298.0,
            "count": 1,
            "revenue": 298.0
        },
        {
            "time": "2025-09-26 20:08:26",
            "admin": "xiangyi",
            "role": "agent",
            "product": "花生国风AI",
            "price": 298.0,
            "count": 1,
            "revenue": 298.0
        },
        {
            "time": "2025-09-26 20:37:33",
            "admin": "horsray",
            "agent": "xiangyi",
            "role": "admin",
            "product": "花生国风AI",
            "price": 298.0,
            "count": 100,
            "revenue": 29800.0
        },
        {
            "time": "2025-09-26 20:52:45",
            "admin": "xiangyi",
            "role": "agent",
            "product": "花生国风AI",
            "price": 298.0,
            "count": 1,
            "revenue": 298.0
        },
        {
            "time": "2025-09-26 21:10:44",
            "admin": "xiangyi",
            "role": "agent",
            "product": "花生国风AI",
            "price": 298.0,
            "count": 1,
            "revenue": 298.0
        },
        {
            "time": "2025-09-26 21:39:44",
            "admin": "xiangyi",
            "role": "agent",
            "product": "花生国风AI",
            "price": 298.0,
            "count": 1,
            "revenue": 298.0
        },
        {
            "time": "2025-09-26 21:48:46",
            "admin": "xiangyi",
            "role": "agent",
            "product": "花生国风AI",
            "price": 298.0,
            "count": 1,
            "revenue": 298.0
        },
        {
            "time": "2025-09-26 22:23:21",
            "admin": "xiangyi",
            "role": "agent",
            "product": "花生国风AI",
            "price": 298.0,
            "count": 1,
            "revenue": 298.0
        },
        {
            "time": "2025-09-26 22:28:22",
            "admin": "xiangyi",
            "role": "agent",
            "product": "花生国风AI",
            "price": 298.0,
            "count": 1,
            "revenue": 298.0
        },
        {
            "time": "2025-09-26 22:35:01",
            "admin": "xiangyi",
            "role": "agent",
            "product": "花生国风AI",
            "price": 298.0,
            "count": 1,
            "revenue": 298.0
        },
        {
            "time": "2025-09-26 22:39:29",
            "admin": "xiangyi",
            "role": "agent",
            "product": "花生国风AI",
            "price": 298.0,
            "count": 1,
            "revenue": 298.0
        },
        {
            "time": "2025-09-26 22:54:56",
            "admin": "xiangyi",
            "role": "agent",
            "product": "花生国风AI",
            "price": 298.0,
            "count": 1,
            "revenue": 298.0
        },
        {
            "time": "2025-09-27 00:33:40",
            "admin": "15289377772",
            "role": "agent",
            "product": "花生国风AI",
            "price": 298.0,
            "count": 1,
            "revenue": 298.0
        },
        {
            "time": "2025-09-27 00:33:42",
            "admin": "15289377772",
            "role": "agent",
            "product": "花生国风AI",
            "price": 298.0,
            "count": 1,
            "revenue": 298.0
        },
        {
            "time": "2025-09-27 10:35:52",
            "admin": "xiangyi",
            "role": "agent",
            "product": "花生国风AI",
            "price": 298.0,
            "count": 1,
            "revenue": 298.0
        },
        {
            "time": "2025-09-27 11:06:08",
            "admin": "xiangyi",
            "role": "agent",
            "product": "花生国风AI",
            "price": 298.0,
            "count": 1,
            "revenue": 298.0
        },
        {
            "time": "2025-09-27 11:07:18",
            "admin": "xiangyi",
            "role": "agent",
            "product": "花生国风AI",
            "price": 298.0,
            "count": 1,
            "revenue": 298.0
        },
        {
            "time": "2025-09-27 11:23:11",
            "admin": "xiangyi",
            "role": "agent",
            "product": "花生国风AI",
            "price": 298.0,
            "count": 1,
            "revenue": 298.0
        },
        {
            "time": "2025-09-27 11:40:53",
            "admin": "xiangyi",
            "role": "agent",
            "product": "花生国风AI",
            "price": 298.0,
            "count": 1,
            "revenue": 298.0
        },
        {
            "time": "2025-09-27 12:42:49",
            "admin": "xiangyi",
            "role": "agent",
            "product": "花生国风AI",
            "price": 298.0,
            "count": 1,
            "revenue": 298.0
        },
        {
            "time": "2025-09-27 12:47:36",
            "admin": "xiangyi",
            "role": "agent",
            "product": "花生国风AI",
            "price": 298.0,
            "count": 1,
            "revenue": 298.0
        },
        {
            "time": "2025-09-27 13:04:59",
            "admin": "xiangyi",
            "role": "agent",
            "product": "花生国风AI",
            "price": 298.0,
            "count": 1,
            "revenue": 298.0
        },
        {
            "time": "2025-09-27 13:07:37",
            "admin": "xiangyi",
            "role": "agent",
            "product": "花生国风AI",
            "price": 298.0,
            "count": 1,
            "revenue": 298.0
        },
        {
            "time": "2025-09-27 13:26:16",
            "admin": "xiangyi",
            "role": "agent",
            "product": "花生国风AI",
            "price": 298.0,
            "count": 1,
            "revenue": 298.0
        },
        {
            "time": "2025-09-27 14:28:30",
            "admin": "xiangyi",
            "role": "agent",
            "product": "花生国风AI",
            "price": 298.0,
            "count": 1,
            "revenue": 298.0
        },
        {
            "time": "2025-09-27 14:31:58",
            "admin": "xiangyi",
            "role": "agent",
            "product": "花生国风AI",
            "price": 298.0,
            "count": 1,
            "revenue": 298.0
        },
        {
            "time": "2025-09-27 15:14:48",
            "admin": "xiangyi",
            "role": "agent",
            "product": "花生国风AI",
            "price": 298.0,
            "count": 1,
            "revenue": 298.0
        },
        {
            "time": "2025-09-27 15:55:12",
            "admin": "xiangyi",
            "role": "agent",
            "product": "花生国风AI",
            "price": 298.0,
            "count": 1,
            "revenue": 298.0
        },
        {
            "time": "2025-09-27 15:59:04",
            "admin": "xiangyi",
            "role": "agent",
            "product": "花生国风AI",
            "price": 298.0,
            "count": 1,
            "revenue": 298.0
        },
        {
            "time": "2025-09-27 19:19:09",
            "admin": "xiangyi",
            "role": "agent",
            "product": "花生国风AI",
            "price": 298.0,
            "count": 1,
            "revenue": 298.0
        },
        {
            "time": "2025-09-27 19:19:38",
            "admin": "xiangyi",
            "role": "agent",
            "product": "花生国风AI",
            "price": 298.0,
            "count": 1,
            "revenue": 298.0
        },
        {
            "time": "2025-09-27 20:28:22",
            "admin": "xiangyi",
            "role": "agent",
            "product": "花生国风AI",
            "price": 298.0,
            "count": 1,
            "revenue": 298.0
        },
        {
            "time": "2025-09-27 20:29:12",
            "admin": "xiangyi",
            "role": "agent",
            "product": "花生国风AI",
            "price": 298.0,
            "count": 1,
            "revenue": 298.0
        },
        {
            "time": "2025-09-27 20:30:34",
            "admin": "xiangyi",
            "role": "agent",
            "product": "花生国风AI",
            "price": 298.0,
            "count": 1,
            "revenue": 298.0
        },
        {
            "time": "2025-09-27 20:31:37",
            "admin": "xiangyi",
            "role": "agent",
            "product": "花生国风AI",
            "price": 298.0,
            "count": 1,
            "revenue": 298.0
        },
        {
            "time": "2025-09-27 20:59:27",
            "admin": "15289377772",
            "role": "agent",
            "product": "花生国风AI",
            "price": 298.0,
            "count": 1,
            "revenue": 298.0
        },
        {
            "time": "2025-09-27 22:24:50",
            "admin": "xiangyi",
            "role": "agent",
            "product": "花生国风AI",
            "price": 298.0,
            "count": 1,
            "revenue": 298.0
        },
        {
            "time": "2025-09-27 22:24:50",
            "admin": "xiangyi",
            "role": "agent",
            "product": "花生国风AI",
            "price": 298.0,
            "count": 1,
            "revenue": 298.0
        },
        {
            "time": "2025-09-27 22:24:50",
            "admin": "xiangyi",
            "role": "agent",
            "product": "花生国风AI",
            "price": 298.0,
            "count": 1,
            "revenue": 298.0
        },
        {
            "time": "2025-09-27 22:24:50",
            "admin": "xiangyi",
            "role": "agent",
            "product": "花生国风AI",
            "price": 298.0,
            "count": 1,
            "revenue": 298.0
        },
        {
            "time": "2025-09-27 22:24:50",
            "admin": "xiangyi",
            "role": "agent",
            "product": "花生国风AI",
            "price": 298.0,
            "count": 1,
            "revenue": 298.0
        },
        {
            "time": "2025-09-27 22:24:50",
            "admin": "xiangyi",
            "role": "agent",
            "product": "花生国风AI",
            "price": 298.0,
            "count": 1,
            "revenue": 298.0
        },
        {
            "time": "2025-09-27 22:24:50",
            "admin": "xiangyi",
            "role": "agent",
            "product": "花生国风AI",
            "price": 298.0,
            "count": 1,
            "revenue": 298.0
        },
        {
            "time": "2025-09-27 22:24:50",
            "admin": "xiangyi",
            "role": "agent",
            "product": "花生国风AI",
            "price": 298.0,
            "count": 1,
            "revenue": 298.0
        },
        {
            "time": "2025-09-27 22:24:50",
            "admin": "xiangyi",
            "role": "agent",
            "product": "花生国风AI",
            "price": 298.0,
            "count": 1,
            "revenue": 298.0
        },
        {
            "time": "2025-09-27 22:24:50",
            "admin": "xiangyi",
            "role": "agent",
            "product": "花生国风AI",
            "price": 298.0,
            "count": 1,
            "revenue": 298.0
        },
        {
            "time": "2025-09-27 23:29:20",
            "admin": "peidong",
            "role": "agent",
            "product": "绘影AI摄影",
            "price": 298.0,
            "count": 1,
            "revenue": 298.0
        },
        {
            "time": "2025-09-27 23:33:03",
            "admin": "horsray",
            "agent": "peidong",
            "role": "admin",
            "product": "绘影AI摄影",
            "price": 298.0,
            "count": 5,
            "revenue": 1490.0
        },
        {
            "time": "2025-09-27 23:40:01",
            "admin": "xiangyi",
            "role": "agent",
            "product": "花生国风AI",
            "price": 298.0,
            "count": 1,
            "revenue": 298.0
        },
        {
            "time": "2025-09-28 00:01:14",
            "admin": "15289377772",
            "role": "agent",
            "product": "花生国风AI",
            "price": 298.0,
            "count": 1,
            "revenue": 298.0
        },
        {
            "time": "2025-09-28 10:04:13",
            "admin": "xiangyi",
            "role": "agent",
            "product": "花生国风AI",
            "price": 298.0,
            "count": 1,
            "revenue": 298.0
        },
        {
            "time": "2025-09-28 11:17:35",
            "admin": "xiangyi",
            "role": "agent",
            "product": "花生国风AI",
            "price": 298.0,
            "count": 1,
            "revenue": 298.0
        },
        {
            "time": "2025-09-28 12:33:02",
            "admin": "xiangyi",
            "role": "agent",
            "product": "花生国风AI",
            "price": 298.0,
            "count": 1,
            "revenue": 298.0
        },
        {
            "time": "2025-09-28 12:33:27",
            "admin": "xiangyi",
            "role": "agent",
            "product": "花生国风AI",
            "price": 298.0,
            "count": 1,
            "revenue": 298.0
        },
        {
            "time": "2025-09-28 13:22:02",
            "admin": "xiangyi",
            "role": "agent",
            "product": "花生国风AI",
            "price": 298.0,
            "count": 1,
            "revenue": 298.0
        },
        {
            "time": "2025-09-28 13:26:03",
            "admin": "xiangyi",
            "role": "agent",
            "product": "花生国风AI",
            "price": 298.0,
            "count": 1,
            "revenue": 298.0
        },
        {
            "time": "2025-09-28 13:29:35",
            "admin": "15289377772",
            "role": "agent",
            "product": "花生国风AI",
            "price": 298.0,
            "count": 1,
            "revenue": 298.0
        },
        {
            "time": "2025-09-28 13:34:10",
            "admin": "xiangyi",
            "role": "agent",
            "product": "花生国风AI",
            "price": 298.0,
            "count": 1,
            "revenue": 298.0
        },
        {
            "time": "2025-09-28 13:35:30",
            "admin": "xiangyi",
            "role": "agent",
            "product": "花生国风AI",
            "price": 298.0,
            "count": 1,
            "revenue": 298.0
        },
        {
            "time": "2025-09-28 13:37:08",
            "admin": "xiangyi",
            "role": "agent",
            "product": "花生国风AI",
            "price": 298.0,
            "count": 1,
            "revenue": 298.0
        },
        {
            "time": "2025-09-28 13:38:51",
            "admin": "xiangyi",
            "role": "agent",
            "product": "花生国风AI",
            "price": 298.0,
            "count": 1,
            "revenue": 298.0
        },
        {
            "time": "2025-09-28 14:32:22",
            "admin": "peidong",
            "role": "agent",
            "product": "绘影AI摄影",
            "price": 298.0,
            "count": 1,
            "revenue": 298.0
        },
        {
            "time": "2025-09-28 16:25:31",
            "admin": "xiangyi",
            "role": "agent",
            "product": "花生国风AI",
            "price": 298.0,
            "count": 1,
            "revenue": 298.0
        },
        {
            "time": "2025-09-28 16:37:39",
            "admin": "xiangyi",
            "role": "agent",
            "product": "花生国风AI",
            "price": 298.0,
            "count": 1,
            "revenue": 298.0
        },
        {
            "time": "2025-09-28 17:13:25",
            "admin": "peidong",
            "role": "agent",
            "product": "绘影AI摄影",
            "price": 298.0,
            "count": 1,
            "revenue": 298.0
        },
        {
            "time": "2025-09-28 17:44:30",
            "admin": "15289377772",
            "role": "agent",
            "product": "花生国风AI",
            "price": 298.0,
            "count": 1,
            "revenue": 298.0
        },
        {
            "time": "2025-09-28 17:50:13",
            "admin": "xiangyi",
            "role": "agent",
            "product": "花生国风AI",
            "price": 298.0,
            "count": 1,
            "revenue": 298.0
        },
        {
            "time": "2025-09-28 18:02:56",
            "admin": "xiangyi",
            "role": "agent",
            "product": "花生国风AI",
            "price": 298.0,
            "count": 1,
            "revenue": 298.0
        },
        {
            "time": "2025-09-28 18:17:37",
            "admin": "xiangyi",
            "role": "agent",
            "product": "花生国风AI",
            "price": 298.0,
            "count": 1,
            "revenue": 298.0
        },
        {
            "time": "2025-09-28 18:47:03",
            "admin": "xiangyi",
            "role": "agent",
            "product": "花生国风AI",
            "price": 298.0,
            "count": 1,
            "revenue": 298.0
        },
        {
            "time": "2025-09-28 19:14:13",
            "admin": "xiangyi",
            "role": "agent",
            "product": "花生国风AI",
            "price": 298.0,
            "count": 1,
            "revenue": 298.0
        },
        {
            "time": "2025-09-28 19:14:58",
            "admin": "peidong",
            "role": "agent",
            "product": "绘影AI摄影",
            "price": 298.0,
            "count": 1,
            "revenue": 298.0
        },
        {
            "time": "2025-09-28 19:35:49",
            "admin": "xiangyi",
            "role": "agent",
            "product": "花生国风AI",
            "price": 298.0,
            "count": 1,
            "revenue": 298.0
        },
        {
            "time": "2025-09-28 20:10:13",
            "admin": "xiangyi",
            "role": "agent",
            "product": "花生国风AI",
            "price": 298.0,
            "count": 1,
            "revenue": 298.0
        },
        {
            "time": "2025-09-28 21:01:40",
            "admin": "xiangyi",
            "role": "agent",
            "product": "花生国风AI",
            "price": 298.0,
            "count": 1,
            "revenue": 298.0
        },
        {
            "time": "2025-09-28 21:23:49",
            "admin": "xiangyi",
            "role": "agent",
            "product": "花生国风AI",
            "price": 298.0,
            "count": 1,
            "revenue": 298.0
        },
        {
            "time": "2025-09-28 21:43:18",
            "admin": "xiangyi",
            "role": "agent",
            "product": "花生国风AI",
            "price": 298.0,
            "count": 1,
            "revenue": 298.0
        },
        {
            "time": "2025-09-28 22:36:05",
            "admin": "xiangyi",
            "role": "agent",
            "product": "花生国风AI",
            "price": 298.0,
            "count": 1,
            "revenue": 298.0
        },
        {
            "time": "2025-09-28 22:57:01",
            "admin": "youyou",
            "role": "agent",
            "product": "花生国风AI",
            "price": 100.0,
            "count": 1,
            "revenue": 100.0
        },
        {
            "time": "2025-09-28 22:58:31",
            "admin": "youyou",
            "role": "agent",
            "product": "花生国风AI",
            "price": 100.0,
            "count": 1,
            "revenue": 100.0
        },
        {
            "time": "2025-09-28 23:04:31",
            "admin": "horsray",
            "agent": "youyou",
            "role": "admin",
            "product": "花生国风AI",
            "price": 100.0,
            "count": 5,
            "revenue": 500.0
        },
        {
            "time": "2025-09-29 07:13:49",
            "admin": "peidong",
            "role": "agent",
            "product": "绘影AI摄影",
            "price": 298.0,
            "count": 1,
            "revenue": 298.0
        },
        {
            "time": "2025-09-29 07:14:05",
            "admin": "peidong",
            "role": "agent",
            "product": "绘影AI摄影",
            "price": 298.0,
            "count": 1,
            "revenue": 298.0
        },
        {
            "time": "2025-09-29 11:28:56",
            "admin": "xiangyi",
            "role": "agent",
            "product": "花生国风AI",
            "price": 298.0,
            "count": 1,
            "revenue": 298.0
        },
        {
            "time": "2025-09-29 14:14:15",
            "admin": "xiangyi",
            "role": "agent",
            "product": "花生国风AI",
            "price": 298.0,
            "count": 1,
            "revenue": 298.0
        },
        {
            "time": "2025-09-29 15:31:42",
            "admin": "horsray",
            "agent": "peidong",
            "role": "admin",
            "product": "绘影AI摄影",
            "price": 298.0,
            "count": 5,
            "revenue": 1490.0
        },
        {
            "time": "2025-09-29 15:34:45",
            "admin": "horsray",
            "agent": "peidong",
            "role": "admin",
            "product": "绘影AI摄影",
            "price": 298.0,
            "count": 5,
            "revenue": 1490.0
        },
        {
            "time": "2025-09-29 15:59:37",
            "admin": "horsray",
            "agent": "xiangyi",
            "role": "admin",
            "product": "花生国风AI",
            "price": 298.0,
            "count": 100,
            "revenue": 29800.0
        },
        {
            "time": "2025-09-29 16:04:15",
            "admin": "xiangyi",
            "role": "agent",
            "product": "花生国风AI",
            "price": 298.0,
            "count": 1,
            "revenue": 298.0
        },
        {
            "time": "2025-09-29 16:26:24",
            "admin": "xiangyi",
            "role": "agent",
            "product": "花生国风AI",
            "price": 298.0,
            "count": 1,
            "revenue": 298.0
        },
        {
            "time": "2025-09-29 16:26:24",
            "admin": "xiangyi",
            "role": "agent",
            "product": "花生国风AI",
            "price": 298.0,
            "count": 1,
            "revenue": 298.0
        },
        {
            "time": "2025-09-29 16:26:24",
            "admin": "xiangyi",
            "role": "agent",
            "product": "花生国风AI",
            "price": 298.0,
            "count": 1,
            "revenue": 298.0
        },
        {
            "time": "2025-09-29 16:26:24",
            "admin": "xiangyi",
            "role": "agent",
            "product": "花生国风AI",
            "price": 298.0,
            "count": 1,
            "revenue": 298.0
        },
        {
            "time": "2025-09-29 16:26:24",
            "admin": "xiangyi",
            "role": "agent",
            "product": "花生国风AI",
            "price": 298.0,
            "count": 1,
            "revenue": 298.0
        },
        {
            "time": "2025-09-29 16:26:24",
            "admin": "xiangyi",
            "role": "agent",
            "product": "花生国风AI",
            "price": 298.0,
            "count": 1,
            "revenue": 298.0
        },
        {
            "time": "2025-09-29 16:26:24",
            "admin": "xiangyi",
            "role": "agent",
            "product": "花生国风AI",
            "price": 298.0,
            "count": 1,
            "revenue": 298.0
        },
        {
            "time": "2025-09-29 16:26:24",
            "admin": "xiangyi",
            "role": "agent",
            "product": "花生国风AI",
            "price": 298.0,
            "count": 1,
            "revenue": 298.0
        },
        {
            "time": "2025-09-29 16:26:24",
            "admin": "xiangyi",
            "role": "agent",
            "product": "花生国风AI",
            "price": 298.0,
            "count": 1,
            "revenue": 298.0
        },
        {
            "time": "2025-09-29 16:26:24",
            "admin": "xiangyi",
            "role": "agent",
            "product": "花生国风AI",
            "price": 298.0,
            "count": 1,
            "revenue": 298.0
        },
        {
            "time": "2025-09-29 16:26:24",
            "admin": "xiangyi",
            "role": "agent",
            "product": "花生国风AI",
            "price": 298.0,
            "count": 1,
            "revenue": 298.0
        },
        {
            "time": "2025-09-29 16:26:32",
            "admin": "xiangyi",
            "role": "agent",
            "product": "花生国风AI",
            "price": 298.0,
            "count": 1,
            "revenue": 298.0
        },
        {
            "time": "2025-09-29 16:26:32",
            "admin": "xiangyi",
            "role": "agent",
            "product": "花生国风AI",
            "price": 298.0,
            "count": 1,
            "revenue": 298.0
        },
        {
            "time": "2025-09-29 16:26:32",
            "admin": "xiangyi",
            "role": "agent",
            "product": "花生国风AI",
            "price": 298.0,
            "count": 1,
            "revenue": 298.0
        },
        {
            "time": "2025-09-29 16:26:32",
            "admin": "xiangyi",
            "role": "agent",
            "product": "花生国风AI",
            "price": 298.0,
            "count": 1,
            "revenue": 298.0
        },
        {
            "time": "2025-09-29 16:26:32",
            "admin": "xiangyi",
            "role": "agent",
            "product": "花生国风AI",
            "price": 298.0,
            "count": 1,
            "revenue": 298.0
        },
        {
            "time": "2025-09-29 16:26:32",
            "admin": "xiangyi",
            "role": "agent",
            "product": "花生国风AI",
            "price": 298.0,
            "count": 1,
            "revenue": 298.0
        },
        {
            "time": "2025-09-29 16:26:32",
            "admin": "xiangyi",
            "role": "agent",
            "product": "花生国风AI",
            "price": 298.0,
            "count": 1,
            "revenue": 298.0
        },
        {
            "time": "2025-09-29 16:26:32",
            "admin": "xiangyi",
            "role": "agent",
            "product": "花生国风AI",
            "price": 298.0,
            "count": 1,
            "revenue": 298.0
        },
        {
            "time": "2025-09-29 16:26:32",
            "admin": "xiangyi",
            "role": "agent",
            "product": "花生国风AI",
            "price": 298.0,
            "count": 1,
            "revenue": 298.0
        },
        {
            "time": "2025-09-29 16:26:32",
            "admin": "xiangyi",
            "role": "agent",
            "product": "花生国风AI",
            "price": 298.0,
            "count": 1,
            "revenue": 298.0
        },
        {
            "time": "2025-09-29 16:26:32",
            "admin": "xiangyi",
            "role": "agent",
            "product": "花生国风AI",
            "price": 298.0,
            "count": 1,
            "revenue": 298.0
        },
        {
            "time": "2025-09-29 16:26:32",
            "admin": "xiangyi",
            "role": "agent",
            "product": "花生国风AI",
            "price": 298.0,
            "count": 1,
            "revenue": 298.0
        },
        {
            "time": "2025-09-29 16:26:32",
            "admin": "xiangyi",
            "role": "agent",
            "product": "花生国风AI",
            "price": 298.0,
            "count": 1,
            "revenue": 298.0
        },
        {
            "time": "2025-09-29 16:26:32",
            "admin": "xiangyi",
            "role": "agent",
            "product": "花生国风AI",
            "price": 298.0,
            "count": 1,
            "revenue": 298.0
        },
        {
            "time": "2025-09-29 16:26:32",
            "admin": "xiangyi",
            "role": "agent",
            "product": "花生国风AI",
            "price": 298.0,
            "count": 1,
            "revenue": 298.0
        },
        {
            "time": "2025-09-29 16:26:32",
            "admin": "xiangyi",
            "role": "agent",
            "product": "花生国风AI",
            "price": 298.0,
            "count": 1,
            "revenue": 298.0
        },
        {
            "time": "2025-09-29 16:26:33",
            "admin": "xiangyi",
            "role": "agent",
            "product": "花生国风AI",
            "price": 298.0,
            "count": 1,
            "revenue": 298.0
        },
        {
            "time": "2025-09-29 16:26:33",
            "admin": "xiangyi",
            "role": "agent",
            "product": "花生国风AI",
            "price": 298.0,
            "count": 1,
            "revenue": 298.0
        },
        {
            "time": "2025-09-29 16:26:33",
            "admin": "xiangyi",
            "role": "agent",
            "product": "花生国风AI",
            "price": 298.0,
            "count": 1,
            "revenue": 298.0
        },
        {
            "time": "2025-09-29 16:26:33",
            "admin": "xiangyi",
            "role": "agent",
            "product": "花生国风AI",
            "price": 298.0,
            "count": 1,
            "revenue": 298.0
        },
        {
            "time": "2025-09-29 16:26:38",
            "admin": "xiangyi",
            "role": "agent",
            "product": "花生国风AI",
            "price": 298.0,
            "count": 1,
            "revenue": 298.0
        },
        {
            "time": "2025-09-29 16:26:38",
            "admin": "xiangyi",
            "role": "agent",
            "product": "花生国风AI",
            "price": 298.0,
            "count": 1,
            "revenue": 298.0
        },
        {
            "time": "2025-09-29 16:26:38",
            "admin": "xiangyi",
            "role": "agent",
            "product": "花生国风AI",
            "price": 298.0,
            "count": 1,
            "revenue": 298.0
        },
        {
            "time": "2025-09-29 16:26:38",
            "admin": "xiangyi",
            "role": "agent",
            "product": "花生国风AI",
            "price": 298.0,
            "count": 1,
            "revenue": 298.0
        },
        {
            "time": "2025-09-29 16:26:38",
            "admin": "xiangyi",
            "role": "agent",
            "product": "花生国风AI",
            "price": 298.0,
            "count": 1,
            "revenue": 298.0
        },
        {
            "time": "2025-09-29 16:26:38",
            "admin": "xiangyi",
            "role": "agent",
            "product": "花生国风AI",
            "price": 298.0,
            "count": 1,
            "revenue": 298.0
        },
        {
            "time": "2025-09-29 16:26:38",
            "admin": "xiangyi",
            "role": "agent",
            "product": "花生国风AI",
            "price": 298.0,
            "count": 1,
            "revenue": 298.0
        },
        {
            "time": "2025-09-29 16:26:38",
            "admin": "xiangyi",
            "role": "agent",
            "product": "花生国风AI",
            "price": 298.0,
            "count": 1,
            "revenue": 298.0
        },
        {
            "time": "2025-09-29 16:26:38",
            "admin": "xiangyi",
            "role": "agent",
            "product": "花生国风AI",
            "price": 298.0,
            "count": 1,
            "revenue": 298.0
        },
        {
            "time": "2025-09-29 16:26:38",
            "admin": "xiangyi",
            "role": "agent",
            "product": "花生国风AI",
            "price": 298.0,
            "count": 1,
            "revenue": 298.0
        },
        {
            "time": "2025-09-29 16:26:38",
            "admin": "xiangyi",
            "role": "agent",
            "product": "花生国风AI",
            "price": 298.0,
            "count": 1,
            "revenue": 298.0
        },
        {
            "time": "2025-09-29 16:26:38",
            "admin": "xiangyi",
            "role": "agent",
            "product": "花生国风AI",
            "price": 298.0,
            "count": 1,
            "revenue": 298.0
        },
        {
            "time": "2025-09-29 16:26:38",
            "admin": "xiangyi",
            "role": "agent",
            "product": "花生国风AI",
            "price": 298.0,
            "count": 1,
            "revenue": 298.0
        },
        {
            "time": "2025-09-29 16:26:38",
            "admin": "xiangyi",
            "role": "agent",
            "product": "花生国风AI",
            "price": 298.0,
            "count": 1,
            "revenue": 298.0
        },
        {
            "time": "2025-09-29 16:26:38",
            "admin": "xiangyi",
            "role": "agent",
            "product": "花生国风AI",
            "price": 298.0,
            "count": 1,
            "revenue": 298.0
        },
        {
            "time": "2025-09-29 16:26:38",
            "admin": "xiangyi",
            "role": "agent",
            "product": "花生国风AI",
            "price": 298.0,
            "count": 1,
            "revenue": 298.0
        },
        {
            "time": "2025-09-29 16:26:38",
            "admin": "xiangyi",
            "role": "agent",
            "product": "花生国风AI",
            "price": 298.0,
            "count": 1,
            "revenue": 298.0
        },
        {
            "time": "2025-09-29 16:26:38",
            "admin": "xiangyi",
            "role": "agent",
            "product": "花生国风AI",
            "price": 298.0,
            "count": 1,
            "revenue": 298.0
        },
        {
            "time": "2025-09-29 16:26:38",
            "admin": "xiangyi",
            "role": "agent",
            "product": "花生国风AI",
            "price": 298.0,
            "count": 1,
            "revenue": 298.0
        },
        {
            "time": "2025-09-29 16:28:45",
            "admin": "xiangyi",
            "role": "agent",
            "product": "花生国风AI",
            "price": 298.0,
            "count": 1,
            "revenue": 298.0
        },
        {
            "time": "2025-09-29 17:37:31",
            "admin": "xiangyi",
            "role": "agent",
            "product": "花生国风AI",
            "price": 298.0,
            "count": 1,
            "revenue": 298.0
        },
        {
            "time": "2025-09-29 17:51:17",
            "admin": "xiangyi",
            "role": "agent",
            "product": "花生国风AI",
            "price": 298.0,
            "count": 1,
            "revenue": 298.0
        },
        {
            "time": "2025-09-29 21:08:57",
            "admin": "horsray",
            "agent": "youyou",
            "role": "admin",
            "product": "绘影AI摄影",
            "price": 100.0,
            "count": 2,
            "revenue": 200.0
        },
        {
            "time": "2025-09-29 21:18:57",
            "admin": "xiangyi",
            "role": "agent",
            "product": "花生国风AI",
            "price": 298.0,
            "count": 1,
            "revenue": 298.0
        },
        {
            "time": "2025-09-29 21:20:24",
            "admin": "you",
            "role": "agent",
            "product": "绘影AI摄影",
            "price": 100.0,
            "count": 1,
            "revenue": 100.0
        },
        {
            "time": "2025-09-29 21:20:24",
            "admin": "you",
            "role": "agent",
            "product": "绘影AI摄影",
            "price": 100.0,
            "count": 1,
            "revenue": 100.0
        },
        {
            "time": "2025-09-29 21:26:20",
            "admin": "horsray",
            "agent": "you",
            "role": "admin",
            "product": "绘影AI摄影",
            "price": 100.0,
            "count": 2,
            "revenue": 200.0
        },
        {
            "time": "2025-09-29 21:58:45",
            "admin": "xiangyi",
            "role": "agent",
            "product": "花生国风AI",
            "price": 298.0,
            "count": 1,
            "revenue": 298.0
        },
        {
            "time": "2025-09-29 21:59:08",
            "admin": "xiangyi",
            "role": "agent",
            "product": "花生国风AI",
            "price": 298.0,
            "count": 1,
            "revenue": 298.0
        },
        {
            "time": "2025-09-29 22:31:20",
            "admin": "xiangyi",
            "role": "agent",
            "product": "花生国风AI",
            "price": 298.0,
            "count": 1,
            "revenue": 298.0
        },
        {
            "time": "2025-09-30 08:03:28",
            "admin": "xiangyi",
            "role": "agent",
            "product": "花生国风AI",
            "price": 298.0,
            "count": 1,
            "revenue": 298.0
        },
        {
            "time": "2025-09-30 12:01:39",
            "admin": "xiangyi",
            "role": "agent",
            "product": "花生国风AI",
            "price": 298.0,
            "count": 1,
            "revenue": 298.0
        },
        {
            "time": "2025-09-30 12:02:07",
            "admin": "xiangyi",
            "role": "agent",
            "product": "花生国风AI",
            "price": 298.0,
            "count": 1,
            "revenue": 298.0
        },
        {
            "time": "2025-09-30 12:02:35",
            "admin": "xiangyi",
            "role": "agent",
            "product": "花生国风AI",
            "price": 298.0,
            "count": 1,
            "revenue": 298.0
        },
        {
            "time": "2025-09-30 12:04:15",
            "admin": "xiangyi",
            "role": "agent",
            "product": "花生国风AI",
            "price": 298.0,
            "count": 1,
            "revenue": 298.0
        },
        {
            "time": "2025-09-30 12:35:38",
            "admin": "xiangyi",
            "role": "agent",
            "product": "花生国风AI",
            "price": 298.0,
            "count": 1,
            "revenue": 298.0
        },
        {
            "time": "2025-09-30 13:11:25",
            "admin": "xiangyi",
            "role": "agent",
            "product": "花生国风AI",
            "price": 298.0,
            "count": 1,
            "revenue": 298.0
        },
        {
            "time": "2025-09-30 13:26:11",
            "admin": "xiangyi",
            "role": "agent",
            "product": "花生国风AI",
            "price": 298.0,
            "count": 1,
            "revenue": 298.0
        },
        {
            "time": "2025-09-30 13:29:14",
            "admin": "xiangyi",
            "role": "agent",
            "product": "花生国风AI",
            "price": 298.0,
            "count": 1,
            "revenue": 298.0
        },
        {
            "time": "2025-09-30 13:43:25",
            "admin": "xiangyi",
            "role": "agent",
            "product": "花生国风AI",
            "price": 298.0,
            "count": 1,
            "revenue": 298.0
        },
        {
            "time": "2025-09-30 14:53:02",
            "admin": "xiangyi",
            "role": "agent",
            "product": "花生国风AI",
            "price": 298.0,
            "count": 1,
            "revenue": 298.0
        },
        {
            "time": "2025-09-30 15:20:14",
            "admin": "xiangyi",
            "role": "agent",
            "product": "花生国风AI",
            "price": 298.0,
            "count": 1,
            "revenue": 298.0
        },
        {
            "time": "2025-09-30 15:50:34",
            "admin": "yiyang",
            "role": "agent",
            "product": "绘影AI摄影",
            "price": 298.0,
            "count": 1,
            "revenue": 298.0
        },
        {
            "time": "2025-09-30 15:58:13",
            "admin": "yiyang",
            "role": "agent",
            "product": "绘影AI摄影",
            "price": 298.0,
            "count": 1,
            "revenue": 298.0
        },
        {
            "time": "2025-09-30 22:30:48",
            "admin": "xiangyi",
            "role": "agent",
            "product": "花生国风AI",
            "price": 298.0,
            "count": 1,
            "revenue": 298.0
        },
        {
            "time": "2025-09-30 23:59:32",
            "admin": "xiangyi",
            "role": "agent",
            "product": "花生国风AI",
            "price": 298.0,
            "count": 1,
            "revenue": 298.0
        },
        {
            "time": "2025-10-01 05:29:11",
            "admin": "horsray",
            "role": "admin",
            "product": "花生国风AI",
            "price": 0.0,
            "count": 1,
            "revenue": 0.0
        },
        {
            "time": "2025-10-01 05:29:49",
            "admin": "horsray",
            "role": "admin",
            "product": "花生国风AI",
            "price": 0.0,
            "count": 1,
            "revenue": 0.0
        },
        {
            "time": "2025-10-01 05:30:34",
            "admin": "horsray",
            "agent": "测试代理",
            "role": "admin",
            "product": "花生国风AI",
            "price": 298.0,
            "count": 50,
            "revenue": 14900.0
        },
        {
            "time": "2025-10-01 05:32:14",
            "admin": "测试代理",
            "role": "agent",
            "product": "花生国风AI",
            "price": 298.0,
            "count": 1,
            "revenue": 298.0
        },
        {
            "time": "2025-10-01 05:32:52",
            "admin": "测试代理",
            "role": "agent",
            "product": "花生国风AI",
            "price": 298.0,
            "count": 20,
            "revenue": 5960.0,
            "transaction_type": "distribution_sale",
            "distributor": "测试分销",
            "description": "分销售出给 测试分销"
        },
        {
            "time": "2025-10-01 05:43:50",
            "admin": "测试分销",
            "role": "agent",
            "product": "花生国风AI",
            "price": 298.0,
            "count": 1,
            "revenue": 298.0,
            "username": "huiying923010",
            "transaction_type": "distributor_sale",
            "description": "分销商售出账号: huiying923010"
        },
        {
            "time": "2025-10-01 05:57:24",
            "admin": "测试代理",
            "role": "agent",
            "product": "花生国风AI",
            "price": 298.0,
            "count": 1,
            "revenue": 298.0,
            "transaction_type": "distribution_sale",
            "distributor": "测试分销",
            "description": "分销售出给 测试分销"
        },
        {
            "time": "2025-10-01 06:20:23",
            "admin": "测试代理",
            "role": "agent",
            "product": "花生国风AI",
            "price": 298.0,
            "count": 1,
            "revenue": 298.0
        },
        {
            "time": "2025-10-01 06:20:24",
            "admin": "测试代理",
            "role": "agent",
            "product": "花生国风AI",
            "price": 298.0,
            "count": 1,
            "revenue": 298.0
        },
        {
            "time": "2025-10-01 06:20:25",
            "admin": "测试代理",
            "role": "agent",
            "product": "花生国风AI",
            "price": 298.0,
            "count": 1,
            "revenue": 298.0
        },
        {
            "time": "2025-10-01 06:20:26",
            "admin": "测试代理",
            "role": "agent",
            "product": "花生国风AI",
            "price": 298.0,
            "count": 1,
            "revenue": 298.0
        },
        {
            "time": "2025-10-01 06:20:31",
            "admin": "测试代理",
            "role": "agent",
            "product": "花生国风AI",
            "price": 298.0,
            "count": 1,
            "revenue": 298.0
        },
        {
            "time": "2025-10-01 06:20:32",
            "admin": "测试代理",
            "role": "agent",
            "product": "花生国风AI",
            "price": 298.0,
            "count": 1,
            "revenue": 298.0
        },
        {
            "time": "2025-10-01 06:20:33",
            "admin": "测试代理",
            "role": "agent",
            "product": "花生国风AI",
            "price": 298.0,
            "count": 1,
            "revenue": 298.0
        },
        {
            "time": "2025-10-01 06:20:33",
            "admin": "测试代理",
            "role": "agent",
            "product": "花生国风AI",
            "price": 298.0,
            "count": 1,
            "revenue": 298.0
        },
        {
            "time": "2025-10-01 15:53:00",
            "admin": "horsray",
            "role": "admin",
            "product": "绘影AI摄影",
            "price": 0.0,
            "count": 1,
            "revenue": 0.0
        },
        {
            "time": "2025-10-01 16:01:33",
            "admin": "horsray",
            "role": "admin",
            "product": "花生国风AI",
            "price": 10.0,
            "count": 1,
            "revenue": 10.0
        },
        {
            "time": "2025-10-01 16:14:07",
            "admin": "测试代理",
            "role": "agent",
            "product": "花生国风AI",
            "price": 298.0,
            "count": 1,
            "revenue": 298.0
        },
        {
            "time": "2025-10-01 16:14:09",
            "admin": "测试代理",
            "role": "agent",
            "product": "花生国风AI",
            "price": 298.0,
            "count": 1,
            "revenue": 298.0
        },
        {
            "time": "2025-10-01 16:14:10",
            "admin": "测试代理",
            "role": "agent",
            "product": "花生国风AI",
            "price": 298.0,
            "count": 1,
            "revenue": 298.0
        },
        {
            "time": "2025-10-01 16:14:07",
            "admin": "测试代理",
            "role": "agent",
            "product": "花生国风AI",
            "price": 298.0,
            "count": 1,
            "revenue": 298.0,
            "transaction_type": "distribution_assignment",
            "distributor": "测试分销",
            "description": "分配给分销商 测试分销",
            "assigned_at": "2025-10-01 16:14:19"
        },
        {
            "time": "2025-10-01 16:14:09",
            "admin": "测试代理",
            "role": "agent",
            "product": "花生国风AI",
            "price": 298.0,
            "count": 1,
            "revenue": 298.0,
            "transaction_type": "distribution_assignment",
            "distributor": "测试分销",
            "description": "分配给分销商 测试分销",
            "assigned_at": "2025-10-01 16:14:37"
        },
        {
            "time": "2025-10-01 16:51:14",
            "admin": "测试代理",
            "role": "agent",
            "product": "花生国风AI",
            "price": 298.0,
            "count": 1,
            "revenue": 298.0
        },
        {
            "time": "2025-10-01 16:57:24",
            "admin": "测试代理",
            "role": "agent",
            "product": "花生国风AI",
            "price": 298.0,
            "count": 1,
            "revenue": 298.0,
            "user_id": "20251001053034014",
            "transaction_type": "direct_sale",
            "description": "代理直接销售"
        },
        {
            "time": "2025-10-01 16:59:03",
            "admin": "测试代理",
            "role": "agent",
            "product": "花生国风AI",
            "price": 298.0,
            "count": 1,
            "revenue": 298.0,
            "user_id": "20251001053034018",
            "transaction_type": "direct_sale",
            "description": "代理直接销售"
        },
        {
            "time": "2025-10-01 16:59:14",
            "admin": "测试代理",
            "role": "agent",
            "product": "花生国风AI",
            "price": 298.0,
            "count": 1,
            "revenue": 298.0,
            "user_id": "20251001053034024",
            "transaction_type": "direct_sale",
            "description": "代理直接销售"
        },
        {
            "time": "2025-10-01 18:17:26",
            "admin": "测试代理",
            "role": "agent",
            "product": "花生国风AI",
            "price": 298.0,
            "count": 1,
            "revenue": 298.0
        },
        {
            "time": "2025-10-01 18:17:26",
            "admin": "测试代理",
            "role": "agent",
            "product": "花生国风AI",
            "price": 298.0,
            "count": 1,
            "revenue": 298.0,
            "transaction_type": "distribution_assignment",
            "distributor": "测试分销",
            "description": "分配给分销商 测试分销",
            "assigned_at": "2025-10-01 18:22:58"
        },
        {
            "time": "2025-10-01 16:59:14",
            "admin": "测试代理",
            "role": "agent",
            "product": "花生国风AI",
            "price": 298.0,
            "count": 1,
            "revenue": 298.0,
            "transaction_type": "distribution_assignment",
            "distributor": "测试分销",
            "description": "分配给分销商 测试分销",
            "assigned_at": "2025-10-01 18:27:09"
        },
        {
            "time": "2025-10-01 18:29:42",
            "admin": "测试代理",
            "role": "agent",
            "product": "花生国风AI",
            "price": 298.0,
            "count": 1,
            "revenue": 298.0
        },
        {
            "time": "2025-10-01 18:29:59",
            "admin": "测试代理",
            "role": "agent",
            "product": "花生国风AI",
            "price": 298.0,
            "count": 1,
            "revenue": 298.0
        },
        {
            "time": "2025-10-01 18:29:42",
            "admin": "测试代理",
            "role": "agent",
            "product": "花生国风AI",
            "price": 298.0,
            "count": 1,
            "revenue": 298.0,
            "transaction_type": "distribution_assignment",
            "distributor": "测试分销",
            "user_id": "20251001053034019",
            "username": "huiying726317",
            "description": "分配给分销商 测试分销",
            "assigned_at": "2025-10-01 18:30:16"
        },
        {
            "time": "2025-10-01 18:29:59",
            "admin": "测试代理",
            "role": "agent",
            "product": "花生国风AI",
            "price": 298.0,
            "count": 1,
            "revenue": 298.0,
            "transaction_type": "distribution_assignment",
            "distributor": "测试分销",
            "user_id": "20251001053034022",
            "username": "huiying403293",
            "description": "分配给分销商 测试分销",
            "assigned_at": "2025-10-01 18:30:16"
        },
        {
            "time": "2025-10-01 16:51:14",
            "admin": "测试代理",
            "role": "agent",
            "product": "花生国风AI",
            "price": 298.0,
            "count": 1,
            "revenue": 298.0,
            "transaction_type": "distribution_assignment",
            "distributor": "测试分销",
            "user_id": "20251001053034027",
            "username": "huiying733974",
            "description": "分配给分销商 测试分销",
            "assigned_at": "2025-10-01 20:46:29"
        },
        {
            "time": "2025-10-01 06:20:24",
            "admin": "测试代理",
            "role": "agent",
            "product": "花生国风AI",
            "price": 298.0,
            "count": 1,
            "revenue": 298.0,
            "transaction_type": "distribution_assignment",
            "distributor": "测试分销",
            "user_id": "20251001053034047",
            "username": "huiying675384",
            "description": "分配给分销商 测试分销",
            "assigned_at": "2025-10-01 20:46:56"
        },
        {
            "time": "2025-10-01 06:20:23",
            "admin": "测试代理",
            "role": "agent",
            "product": "花生国风AI",
            "price": 298.0,
            "count": 1,
            "revenue": 298.0,
            "transaction_type": "distribution_assignment",
            "distributor": "测试分销",
            "user_id": "20251001053034048",
            "username": "huiying909920",
            "description": "分配给分销商 测试分销",
            "assigned_at": "2025-10-01 20:46:56"
        },
        {
            "time": "2025-10-01 06:20:26",
            "admin": "测试代理",
            "role": "agent",
            "product": "花生国风AI",
            "price": 298.0,
            "count": 1,
            "revenue": 298.0,
            "transaction_type": "distribution_assignment",
            "distributor": "测试分销",
            "user_id": "20251001053034045",
            "username": "huiying693871",
            "description": "分配给分销商 测试分销",
            "assigned_at": "2025-10-01 20:50:43"
        },
        {
            "time": "2025-10-01 20:57:35",
            "admin": "测试代理",
            "role": "agent",
            "product": "花生国风AI",
            "price": 298.0,
            "count": 1,
            "revenue": 298.0
        },
        {
            "time": "2025-10-01 20:57:35",
            "admin": "测试代理",
            "role": "agent",
            "product": "花生国风AI",
            "price": 298.0,
            "count": 1,
            "revenue": 298.0,
            "transaction_type": "distribution_assignment",
            "distributor": "测试分销",
            "user_id": "20251001053034028",
            "username": "huiying649894",
            "description": "分配给分销商 测试分销",
            "assigned_at": "2025-10-01 20:57:56"
        },
        {
            "time": "2025-10-01 21:05:46",
            "admin": "测试代理",
            "role": "agent",
            "product": "花生国风AI",
            "price": 298.0,
            "count": 1,
            "revenue": 298.0
        },
        {
            "time": "2025-10-01 21:05:48",
            "admin": "测试代理",
            "role": "agent",
            "product": "花生国风AI",
            "price": 298.0,
            "count": 1,
            "revenue": 298.0
        },
        {
            "time": "2025-10-01 21:05:48",
            "admin": "测试代理",
            "role": "agent",
            "product": "花生国风AI",
            "price": 298.0,
            "count": 1,
            "revenue": 298.0,
            "transaction_type": "distribution_assignment",
            "distributor": "测试分销",
            "user_id": "20251001053034031",
            "username": "huiying542459",
            "description": "分配给分销商 测试分销",
            "assigned_at": "2025-10-01 21:06:07"
        },
        {
            "time": "2025-10-01 21:05:46",
            "admin": "测试代理",
            "role": "agent",
            "product": "花生国风AI",
            "price": 298.0,
            "count": 1,
            "revenue": 298.0,
            "transaction_type": "distribution_assignment",
            "distributor": "测试分销",
            "user_id": "20251001053034029",
            "username": "huiying196015",
            "description": "分配给分销商 测试分销",
            "assigned_at": "2025-10-01 21:10:47"
        },
        {
            "time": "2025-10-01 21:24:07",
            "admin": "测试代理",
            "role": "agent",
            "product": "花生国风AI",
            "price": 298.0,
            "count": 1,
            "revenue": 298.0
        },
        {
            "time": "2025-10-01 21:24:09",
            "admin": "测试代理",
            "role": "agent",
            "product": "花生国风AI",
            "price": 298.0,
            "count": 1,
            "revenue": 298.0
        },
        {
            "time": "2025-10-01 21:24:10",
            "admin": "测试代理",
            "role": "agent",
            "product": "花生国风AI",
            "price": 298.0,
            "count": 1,
            "revenue": 298.0
        },
        {
            "time": "2025-10-01 21:24:10",
            "admin": "测试代理",
            "role": "agent",
            "product": "花生国风AI",
            "price": 298.0,
            "count": 1,
            "revenue": 298.0,
            "transaction_type": "distribution_assignment",
            "distributor": "测试分销",
            "user_id": "20251001053034035",
            "username": "huiying987187",
            "description": "分配给分销商 测试分销",
            "assigned_at": "2025-10-01 21:24:28"
        },
        {
            "time": "2025-10-01 21:24:07",
            "admin": "测试代理",
            "role": "agent",
            "product": "花生国风AI",
            "price": 298.0,
            "count": 1,
            "revenue": 298.0,
            "transaction_type": "distribution_assignment",
            "distributor": "测试分销",
            "user_id": "20251001053034037",
            "username": "huiying589337",
            "description": "分配给分销商 测试分销",
            "assigned_at": "2025-10-01 21:27:03"
        },
        {
            "time": "2025-10-01 21:24:09",
            "admin": "测试代理",
            "role": "agent",
            "product": "花生国风AI",
            "price": 298.0,
            "count": 1,
            "revenue": 298.0,
            "transaction_type": "distribution_assignment",
            "distributor": "测试分销",
            "user_id": "20251001053034036",
            "username": "huiying237481",
            "description": "分配给分销商 测试分销",
            "assigned_at": "2025-10-01 21:28:51"
        }
    ]
}